2400 4178
499 205 614 261 LIBER
632 205 682 260 vl.
761 230 767 239 ’
856 218 860 235 ’

105 356 165 416 Hic
178 355 334 416 thalamum
348 355 453 416 invasit
465 365 549 434 natae,
563 358 724 435 vetitosque
737 356 916 434 hymeneos.

105 437 178 496 Ausi
192 455 291 494 omnes
304 437 429 495 immane
443 437 532 512 nefas,
548 455 674 514 ausoque
687 436 779 514 potiti.

107 517 185 592 Non,
199 516 271 573 mihi
285 516 309 573 si
323 515 428 591 linguae
443 525 559 574 centum
573 517 639 592 sint,
654 535 760 594 oraque
774 524 901 592 centum,
978 566 981 571 .

105 595 212 654 Ferrea
224 614 293 671 vox,
308 614 409 653 omnes
422 596 564 654 scelerum
578 595 785 673 comprendere
799 595 914 669 formas,

107 674 212 734 Omnia
224 693 371 751 poenarum
386 692 550 751 percurrere
564 675 691 751 nomina,
705 675 823 752 possim.

146 754 220 812 Haec
234 752 284 812 ubi
298 754 375 812 dicta
387 754 467 812 dedit
480 754 586 812 Phoebi
598 755 731 831 longaeva
743 754 895 814 sacerdos:
989 774 992 781 ·

107 832 165 891 Sed
175 835 237 910 jam
252 852 314 909 age,
329 852 413 912 carpe
427 833 514 908 viam,
527 843 557 892 et
569 841 736 910 susceptum
749 833 856 912 perfice
869 851 974 892 munus
986 852 992 889 :
1095 832 1100 856 ¹

32 957 36 966 .
105 912 320 987 Acceleremus,
336 912 383 970 ait.
426 912 587 988 Cyclopum
602 912 706 971 educta
720 913 841 970 caminis

105 991 218 1050 Moenia
231 991 388 1067 conspicio,
404 999 488 1067 atque
503 991 622 1048 adverso
636 991 745 1049 fornice
758 999 865 1068 portas,
980 1062 985 1071 Ι

107 1071 180 1128 Haec
194 1068 246 1126 ubi
258 1089 311 1128 nos
324 1079 471 1147 praecepta
479 1069 585 1147 jubent
597 1071 743 1147 deponere
757 1071 842 1128 dona.

107 1150 247 1219 Dixerat;
270 1157 298 1206 et
311 1149 426 1225 pariter,
440 1149 530 1224 gressi
540 1168 592 1226 per
606 1168 699 1226 opaca
711 1149 832 1224 viarum,
886 1146 888 1151 ’

107 1227 272 1304 Corripiunt
285 1226 410 1304 spatium
425 1227 562 1304 medium,
576 1227 740 1305 foribusque
754 1229 955 1306 propinquant.

108 1307 241 1383 Occupat
255 1307 368 1364 AEneas
384 1306 502 1382 aditum,
517 1326 678 1385 corpusque
692 1308 801 1367 recenti

108 1386 223 1464 Spargit
236 1385 320 1463 aqud,
335 1404 503 1462 ramumque
517 1387 636 1443 adverso
650 1387 681 1443 in
694 1386 795 1444 limine
809 1386 879 1463 figit.

147 1466 202 1523 His
213 1465 330 1521 demum
345 1464 463 1539 exactis,
477 1464 606 1542 perfecto
620 1482 740 1522 munere
755 1465 840 1543 divae,

107 1541 262 1602 Devenere
276 1544 355 1600 locos
368 1542 460 1618 laetos,
475 1551 505 1601 et
518 1562 631 1601 amoena
643 1543 735 1602 vireta

106 1623 330 1682 Fortunatorum
343 1640 503 1696 nemorum,
517 1623 659 1699 sedesque
672 1623 779 1682 beatas.

107 1701 225 1776 Largior
238 1699 287 1759 hic
301 1719 419 1778 campos
433 1699 524 1758 aether
537 1710 566 1761 et
579 1702 690 1760 lumine
703 1703 791 1761 vestit

106 1780 274 1857 Purpure03
296 1780 444 1855 solemque
458 1799 552 1856 suum,
567 1799 619 1838 sua
632 1781 735 1856 sidera,
749 1779 862 1841 ndrunt
924 1794 926 1799 '
948 1830 952 1839 .

107 1859 178 1917 Pars
191 1859 221 1917 in
235 1859 389 1935 gramineis
404 1867 541 1917 exercent
554 1859 683 1918 membra
695 1860 852 1938 palaestn's3

108 1939 296 1997 Contendunt
308 1939 388 2013 ludo,
404 1946 433 1996 et
447 1938 526 1996 fulva
540 1938 686 1997 luctantur
700 1941 805 2014 areni3

107 2018 178 2076 Pars
191 2016 313 2095 pedibus
327 2017 468 2093 plaudunt
481 2018 611 2094 choreas,
620 2020 656 2078 'et
668 2019 795 2078 carmina
809 2019 917 2078 dicunt.

107 2098 244 2157 Necnon
259 2096 413 2155 Threicius
426 2097 514 2173 longai
528 2117 596 2155 curn
609 2106 690 2157 veste
705 2099 837 2160 sacerdos

108 2177 280 2254 Obloquitur
293 2177 419 2235 numeris
433 2185 545 2255 septem
559 2177 724 2236 discrimina
736 2197 858 2237 vocum:

105 2258 228 2334 Jamque
242 2257 344 2315 eadem
359 2256 465 2332 digitis,
475 2260 538 2335 jam
551 2258 668 2335 pectine
682 2257 778 2334 pulsat
791 2259 910 2317 eburno.

107 2335 166 2394 Hic
180 2355 271 2412 genus
285 2335 432 2411 antiquum
447 2336 563 2413 Teucri,
577 2337 771 2414 pulcherrima
782 2339 888 2416 proles,

107 2415 290 2490 Magnanimi
303 2414 416 2488 heroes,
430 2415 490 2472 nati
504 2416 670 2474 melioribus
685 2417 777 2493 annis,

109 2494 235 2568 Ilusque,
251 2493 474 2567 Assaracusque,
489 2502 518 2551 et
531 2495 627 2572 Trojae
643 2495 797 2562 Dardanus
812 2503 917 2555 auctor.

107 2572 198 2629 Arma
210 2568 309 2646 procul
324 2588 478 2645 currusque
492 2572 585 2628 vinim
600 2573 719 2630 miratur
732 2573 841 2632 inanes.

110 2651 192 2708 Stant
206 2649 280 2707 terri
294 2647 398 2706 defixae
412 2645 514 2723 hastae,
527 2649 692 2726 passimque
707 2652 792 2710 soluti

107 2729 166 2788 Per
179 2747 295 2804 campos
308 2733 466 2804 pascuntur
478 2728 554 2803 equi.
598 2728 672 2799 Quae
687 2729 777 2804 gratia
790 2729 904 2788 currdm

107 2810 320 2885 Armorumque
333 2804 387 2863 suit
400 2805 483 2881 vivis,
498 2825 562 2882 quae
577 2826 645 2866 cura
658 2807 783 2869 nitentes

107 2887 231 2946 Pascere
246 2905 344 2963 equos,
359 2884 461 2942 eadem
475 2887 602 2962 sequitur
615 2887 717 2945 tellure
731 2884 870 2966 repdstos.

108 2966 258 3045 Conspicit
272 2984 340 3024 ecce
355 2964 425 3022 alios
440 2964 541 3023 dextra
554 2965 686 3043 laevdque
699 2986 752 3044 per
765 2966 884 3026 herbam

107 3047 279 3120 Vescentes,
293 3045 450 3121 laetumque
464 3044 553 3111 choro
567 3044 674 3103 Precna
687 3055 835 3125 canentes,

109 3125 189 3184 Inter
202 3126 351 3184 odoratum
364 3124 438 3181 lauri
451 3142 564 3199 nemus,
578 3125 656 3183 unde
671 3123 795 3202 superne

108 3204 254 3263 Plurimus
268 3203 390 3261 Eridani
403 3222 455 3280 per
468 3203 570 3261 silvam
583 3204 709 3262 volvitur
722 3207 824 3265 amuis.
882 3274 885 3279 ,

109 3282 169 3341 Hic
183 3302 294 3358 manus,
309 3281 346 3339 ob
359 3283 479 3359 patriam
493 3284 647 3359 pugnando
660 3284 781 3344 vulnera
792 3285 880 3364 passi,

109 3362 229 3438 Quique
243 3361 406 3419 sacerdotes
419 3363 491 3419 casti
505 3362 574 3420 dum
586 3361 647 3420 vita
660 3363 805 3440 manebat,

110 3441 228 3517 Quique
241 3439 283 3518 pii
296 3448 377 3498 vates
391 3448 421 3498 et
434 3440 547 3500 Phoebo
562 3441 648 3537 digna
661 3442 759 3518 locuti,
869 3447 873 3456 ’

110 3521 248 3578 luventas
263 3527 311 3576 aut
324 3517 373 3594 qui
386 3519 473 3577 vitam
488 3518 643 3578 excoluere
656 3540 708 3598 per
722 3529 805 3596 artes,

109 3599 228 3676 Quique
241 3598 286 3656 sui
299 3615 441 3656 memores
455 3598 526 3657 alios
540 3597 636 3658 secdre
649 3601 787 3658 merendo
800 3620 806 3656 :

110 3676 253 3738 Omnibus
266 3677 313 3736 his
326 3677 412 3735 nivet
426 3676 578 3752 cinguntur
590 3686 649 3737 tem
672 3698 721 3736 ora
733 3679 817 3738 vitta,

108 3757 192 3835 Quos
203 3755 394 3839 ¹circumfusos
407 3757 449 3816 sic
463 3766 507 3821 est
521 3756 606 3821 effata
617 3698 752 3840 Sidylls,

27 3986 257 4150 m
