2370 4176
106 201 142 257 lt
455 194 734 255 BUCOLICORUM

533 385 657 424 uorsus.

106 445 166 504 Sed
178 454 210 505 tu
223 445 324 504 desine
337 445 428 522 plura,
442 463 531 522 puer;
553 445 744 503 successimus
760 452 851 503 antro.
943 463 948 470 ’

143 524 329 582 Exstinctum
343 523 490 600 Nymphae
505 524 614 581 crudeli
627 523 727 582 sunere
741 523 881 600 Daphnin
1047 531 1086 583 20

86 603 244 664 Flebant:
266 622 327 677 vos,
343 602 441 679 coryli,
456 609 552 677 testes,
568 609 597 660 et
609 602 737 673 flumina,
752 602 909 680 Nymphis,
1026 607 1029 609 *

105 681 214 756 Quum,
229 681 381 757 complexa
394 681 439 738 sui
454 699 556 757 corpus
570 680 733 739 miserabile
748 681 816 755 nati,
941 683 960 731 θ

102 760 198 835 Atque
213 759 283 816 deos
297 768 383 836 atque
397 767 472 816 astra
484 767 569 816 vocat
582 760 711 817 crudelia
723 767 821 817 mater.

102 837 133 895 N
135 857 172 894 on
186 837 238 894 ulli
250 847 347 914 pastos
361 838 418 896 illis
432 835 517 912 egire
531 837 634 895 diebus
1033 905 1035 910 Ι

102 916 231 991 Frigida,
246 917 374 992 Daphni,
389 917 479 974 boves
493 918 529 974 ad
542 917 679 988 flumina,
700 915 780 973 nulla
792 935 888 992 neque
902 935 1016 975 amnem
1046 921 1085 973 25

102 994 218 1053 Libavit
231 996 405 1072 quadrupes,
418 1013 472 1053 nec
486 995 622 1070 graminis
636 995 728 1070 attigit
741 994 869 1052 herbam.

101 1073 231 1148 Daphni,
246 1084 328 1132 tuum
342 1073 448 1131 Poeuos
463 1074 549 1132 etiam
563 1073 738 1148 ingemuisse
751 1074 852 1132 leones

103 1151 254 1210 Interitum
268 1160 437 1230 montesque
450 1152 503 1210 feri
517 1153 655 1228 silvaeque
669 1152 830 1227 loquuntur.

102 1230 236 1306 Daphnis
250 1240 280 1289 et
293 1231 445 1289 Armenias
459 1250 541 1288 curru
556 1231 729 1310 subjungere
743 1231 830 1306 tigres
922 1294 925 1300 ,
945 1291 955 1303 Ρ
1043 1288 1047 1295 ,

102 1307 239 1384 Instituit,
254 1309 387 1386 Daphnis
401 1309 509 1368 thiasos
522 1310 659 1367 inducere
673 1309 800 1384 Baccho,
984 1320 986 1324 '
1046 1311 1086 1364 30

37 1421 42 1426 ·
101 1387 142 1444 Et
155 1388 231 1447 soliis
245 1389 337 1446 lentas
351 1388 481 1446 intexere
496 1388 631 1445 mollibus
644 1387 749 1445 hastas.

101 1465 180 1524 Vitis
193 1475 226 1524 ut
239 1466 386 1524 arboribus
400 1467 497 1525 decori
511 1474 563 1540 est,
579 1475 611 1524 ut
623 1465 729 1524 vitibus
743 1483 819 1538 uvae,

101 1543 144 1603 Ut
157 1545 291 1620 gregibus
305 1545 387 1619 tauri,
403 1553 515 1619 segetes
529 1553 561 1602 ut
573 1543 728 1622 pinguibus
743 1543 834 1615 arvis3

100 1621 148 1679 Tu
163 1624 251 1680 decus
265 1641 350 1681 omne
365 1622 429 1681 tuis.
471 1623 629 1699 Postquam
642 1630 671 1679 te
684 1622 742 1680 sata
754 1622 889 1696 tulerunt,

102 1699 168 1777 Ipsa
181 1701 269 1759 Pales
282 1697 373 1796 agros,
388 1709 473 1778 atque
487 1702 550 1778 ipse
564 1701 679 1777 reliquit
691 1701 815 1778 Apollo:
1045 1701 1084 1754 35
1160 1771 1164 1777 .

34 1846 42 1851 ᾗ
101 1778 228 1837 Grandia
242 1799 319 1856 saepe
334 1774 438 1857 quibus
452 1781 650 1838 mandavimus
661 1780 770 1838 hordea
783 1778 872 1837 sulcis
903 1793 909 1804 ·
986 1781 988 1785 ’
1007 1791 1019 1799 ·’

100 1856 206 1915 Infelix
220 1858 320 1916 lolium
334 1866 363 1917 et
376 1859 487 1917 steriles
500 1868 655 1918 nascuntur
669 1878 788 1931 avenoe3
919 1871 921 1874 ’

98 1935 156 1993 Pro
171 1936 251 1993 molli
263 1937 351 2011 violi,
362 1957 414 2014 pro
427 1957 570 2014 purpureo
584 1938 720 2011 narcisso,

100 2015 232 2072 Carduus
247 2023 276 2074 et
286 2015 376 2092 spinis
390 2017 479 2091 surgit
492 2017 618 2092 paliurus
633 2016 732 2073 acutis.

140 2093 273 2168 Spargite
286 2093 408 2152 humum
421 2094 507 2167 soliis,
521 2093 649 2151 inducite
662 2092 789 2151 sontibus
803 2092 930 2168 umbras,
1044 2094 1083 2163 40

99 2170 250 2244 Pastores;
272 2172 389 2251 mandat
402 2172 464 2229 fieri
478 2168 533 2228 sibi
547 2172 615 2229 talia
628 2171 771 2248 Daphnis.
843 2169 846 2174 ’
1084 2209 1087 2212 ·

99 2249 140 2306 Et
153 2250 295 2308 tumulum
308 2250 404 2326 facite,
419 2258 449 2308 et
461 2251 570 2308 tumulo
584 2251 766 2326 superaddite
780 2268 912 2308 carmen:

113 2353 254 2386 neamus
276 2354 336 2386 EGO
357 2354 389 2387 111
412 2354 516 2387 SILVIS
537 2354 613 2386 Hinc
635 2355 739 2396 VSQUE
760 2356 800 2388 AD
823 2353 941 2388 smnus
963 2349 1076 2399 Rom,

39 2463 42 2467 ⁴
114 2415 250 2448 FORHOSI
272 2407 406 2448 PE'CORIS
427 2416 556 2462 CVSTOS,
578 2416 759 2449 nonnoslon
779 2417 864 2450 IPSE.

503 2515 672 2555 unnsncss.
974 2553 976 2557 .

98 2572 172 2632 Tale
186 2583 267 2633 tuum
281 2594 396 2633 carmen
411 2575 504 2650 nobis,
519 2576 726 2653 divinepoeta,
1012 2590 1015 2596 ·
1043 2577 1082 2631 45

99 2652 195 2722 Quale
210 2673 295 2731 sopor
307 2654 390 2712 sessis
404 2655 433 2711 in
448 2655 586 2730 gramine,
600 2656 685 2732 quale
698 2673 751 2732 per
765 2661 867 2714 aestum

98 2731 201 2791 Dulcis
216 2752 297 2811 aquae
312 2734 432 2792 saliente
448 2734 524 2793 sitim
538 2735 714 2810 restinguere
728 2733 807 2791 rivo:

98 2809 164 2869 Nec
178 2813 296 2870 calamis
311 2811 404 2870 solium
420 2814 594 2888 aequiparas,
603 2814 653 2870 sed
667 2824 750 2886 voce,
765 2811 949 2886 magistrum3

98 2889 255 2950 Fortunate
269 2910 350 2967 puer,
365 2898 395 2946 tu
409 2909 487 2946 nunc
501 2891 556 2946 cris
571 2889 643 2947 alter
656 2888 691 2946 ab
705 2889 764 2946 illo.
871 2956 880 2963 J

98 2967 162 3025 Nos
177 2976 273 3026 tamen
287 2969 351 3026 haec
365 2987 546 3044 quocumque
560 2969 647 3024 modo
661 2966 713 3025 tibi
728 2974 825 3030 nostra
837 2964 964 3023 vicissim
1043 2969 1083 3021 50

98 3046 249 3120 Dicemus,
264 3042 462 3122 Daphninque
475 3053 557 3103 tuum
570 3046 704 3103 tollemus
719 3045 754 3102 ad
770 3053 860 3116 astra;

98 3123 237 3199 Daphnin
253 3124 289 3180 ad
303 3132 377 3182 astra
389 3123 533 3181 feremus:
555 3124 661 3182 amavit
674 3141 727 3181 nos
742 3142 856 3200 quoque
870 3119 1014 3197 Daphnis.

98 3313 146 3369 An
160 3311 315 3386 quidquam
328 3311 411 3370 nobis
425 3273 476 3368 tali
490 3250 660 3368 sithhihhhie
674 3311 791 3389 majus?
813 3348 815 3351 -

98 3389 140 3448 Et
152 3409 224 3466 puer
237 3390 299 3466 ipse
313 3389 367 3448 suit
380 3389 487 3447 cantari
501 3390 614 3465 dignus,
630 3397 660 3448 et
672 3389 728 3448 istu

97 3467 288 3545 iampridem
303 3468 443 3528 Stimicon
457 3467 585 3526 laudavit
598 3467 725 3525 carmina
738 3466 831 3525 nobis.
1042 3470 1080 3525 55

504 3593 673 3634 uuuancas

99 3655 248 3713 Candidus
261 3655 406 3721 insuetum
419 3655 537 3714 miratur
549 3655 637 3712 limen
652 3655 779 3732 Olympi,

4 3737 8 3743 '
101 3733 162 3792 Sub
175 3734 354 3811 pedibusque
368 3734 449 3794 videt
461 3733 555 3791 nubes
570 3741 600 3791 et
612 3733 708 3792 sidera
720 3733 865 3814 Daphnis.
