2400 4178
118 191 171 253 Μ
523 187 705 245 nummos

117 340 293 414 Hortamur3
315 357 380 417 qne
394 337 500 397 deinde
513 337 601 415 agitet
614 337 736 414 ἱαωηι,
750 336 842 396 fateri.

118 419 132 477 I
154 438 186 477 se
199 426 281 497 pater
294 419 425 476 demam
438 417 593 492 Anchises,
607 415 687 475 haud
700 415 790 475 multa
802 425 942 494 moratus,
1041 426 1100 480 elo

148 505 177 556 at
193 497 307 569 ‘uveni;
330 505 414 573 atque
428 496 557 554 animum
570 494 705 572 prasenti
717 494 837 573 pignore
851 496 954 556 firmat.
1058 532 1065 543 ·

117 574 173 635 Ille
186 518 260 651 baec,
275 574 406 652 deposita
419 575 537 633 tandem
549 573 713 649 formidine,
726 572 819 631 latur:

157 653 228 713 Sum
242 654 334 731 patriis
347 672 385 710 ex
400 652 510 727 Itbaci,
525 671 623 711 comes
636 651 760 709 infelicis
774 652 903 730 Ulyssei,
928 685 935 695 ·

116 731 235 792 Nomen
250 731 475 806 Achemenides,
490 732 609 810 Trojam
623 730 753 804 genitore
766 731 924 790 Adamasto

116 809 248 887 Paupere
266 808 489 887 (mansissetque
503 809 613 867 utinam
627 807 741 866 fortuna
751 807 774 886 l)
797 809 952 887 proiectus
1041 815 1101 869 615

117 885 247 963 Hieme,
262 889 330 946 dum
345 887 449 964 trepidi
463 887 592 945 crudelia
603 885 704 944 limina
716 886 859 964 linquunt,

118 965 306 1024 Immemores
320 965 391 1024 socii
404 974 484 1024 vasto
499 965 636 1043 Cyclopis
650 965 680 1022 in
695 972 776 1023 anuo

116 1043 289 1102 Deseruere.
331 1044 444 1102 Domus
458 1045 538 1102 sanie
552 1043 729 1120 dapibusque
743 1042 868 1101 cruentis

117 1120 199 1180 Intus
212 1141 311 1199 opaca,
325 1121 447 1197 ingens:
468 1122 531 1198 ipse
545 1122 659 1197 arduus,
674 1121 787 1198 altaque
820 1121 896 1180 uulsat

117 1199 237 1258 Sidera:
264 1198 329 1277 (Di,
344 1200 430 1258 talem
444 1200 526 1258 terris
540 1201 659 1258 avertite
672 1207 784 1277 pestem
797 1140 821 1278 'l

116 1277 183 1338 Nec
196 1279 260 1337 visu
274 1278 375 1353 facilis,
389 1296 452 1348 ner,
460 1278 539 1337 dictu
554 1277 676 1336 affabilis
690 1277 751 1335 ulli.

117 1355 285 1415 Visceribus
298 1358 468 1415 miserorum
481 1365 511 1415 et
524 1357 662 1433 sanguine
676 1357 804 1414 vescitur
817 1363 885 1413 atro.

116 1434 188 1493 Vidi
202 1445 325 1512 egomet,
340 1437 397 1494 duo
411 1436 448 1494 de
461 1454 582 1493 numero
596 1453 684 1511 quum
698 1452 816 1510 corpora
829 1442 936 1511 nostro,

116 1511 227 1572 Prensa
239 1534 327 1580 manu
341 1513 455 1588 mamb,
470 1513 566 1570 medio
580 1512 732 1589 resupinus
745 1511 776 1569 in
791 1520 881 1587 anuo,
928 1543 931 1548 ·

116 1589 275 1666 Frangeret
289 1593 325 1650 sd
338 1610 450 1666 saxum,
464 1592 603 1668 sanieque
617 1608 754 1667 exuperes
767 1598 899 1650 natarent

116 1667 248 1742 Limina;
269 1669 339 1744 vidi,
354 1677 414 1727 atro
426 1688 516 1746 quum
531 1668 659 1727 membra
671 1669 791 1726 fluentia
803 1668 870 1728 tabo

14 1790 18 1800 .
116 1746 280 1823 Manderet,
295 1756 325 1806 et
336 1747 427 1825 tepidi
440 1756 596 1807 tremerent
609 1746 661 1806 sub
676 1747 811 1806 dentibus
826 1755 910 1807 artus.

116 1824 205 1883 Haud
218 1823 336 1903 impune
351 1828 487 1903 quidem;
509 1845 563 1885 nec
578 1827 646 1886 talia
658 1845 759 1904 passus
773 1827 906 1904 Ulysses,

5 1906 8 1911 '
117 1903 269 1962 Oblitusve
283 1906 327 1962 sui
341 1914 386 1964 est
400 1905 516 1964 Ithacus
530 1906 695 1965 discrimine
708 1913 796 1964 tanto.

115 1981 195 2040 Nam
209 1983 293 2042 simul
308 1983 440 2061 expletus
454 1984 586 2062 dapibus,
600 1985 726 2060 vinoque
740 1983 878 2061 sepultus,

116 2060 270 2119 Cervioem
283 2061 420 2120 inflexam
433 2063 540 2140 posuit,
551 2064 700 2140 jacuitque
712 2081 765 2138 per
778 2069 890 2120 antrum

116 2137 290 2215 Immemor,
304 2140 416 2198 saniem
429 2148 560 2198 eructans
575 2160 608 2197 ac
621 2139 710 2197 frusta
723 2148 841 2198 cruento

115 2214 174 2275 Per
186 2236 320 2275 somnum
333 2219 490 2277 commixta
502 2236 582 2276 mero
593 2238 601 2291 ;
623 2237 685 2292 nos,
700 2237 805 2295 magna
813 2218 926 2312 precati

114 2293 255 2370 Numina,
269 2296 419 2372 sortitique
433 2297 523 2373 vices,
537 2297 596 2354 uni
610 2297 737 2372 unquue
751 2297 860 2355 circum

114 2372 141 2435 F
142 2374 286 2450 undimur,
302 2381 331 2433 et
343 2374 402 2434 telo
416 2375 515 2434 lumen
529 2374 706 2434 terebramus
720 2384 804 2435 acuto

116 2453 233 2528 Ingens,
247 2453 323 2530 quod
337 2452 419 2511 torvi
433 2451 526 2511 solum
540 2451 593 2513 sub
607 2452 700 2510 fronte
713 2450 830 2526 latebat,
870 2476 873 2482 ·
946 2464 949 2469 '

115 2530 243 2607 Argolici
257 2531 351 2608 clypei
366 2538 415 2589 aut
427 2530 565 2589 Phoebeae
579 2529 720 2607 lampadis
733 2530 841 2588 instar:

115 2609 158 2668 Et
170 2611 286 2668 tandem
300 2609 360 2668 leti
373 2610 515 2668 sociorum
528 2609 695 2668 ulciscimur
707 2609 832 2668 umbras.

114 2687 176 2825 l{ed
189 2688 291 2766 fugite,
305 2709 323 2748 o
336 2690 444 2766 miseri,
459 2689 558 2766 sugite,
574 2696 658 2765 atque
672 2687 708 2746 ab
722 2687 818 2746 littore
831 2686 930 2744 funem

145 2786 194 2825 um
216 2768 265 2826 ite.
426 2798 432 2805 ·

115 2787 312 2922 Naquualis
326 2854 506 2923 quantusque
519 2864 591 2904 cavo
604 2844 803 2922 Polyphemus
816 2843 848 2901 in
861 2849 942 2901 anno

115 2922 272 2999 Lanigerss
287 2924 394 2982 claudit
406 2925 544 3001 pecudes,
560 2932 645 2999 atque
659 2922 749 2980 ubera
761 2929 881 3000 pressat,

116 3000 243 3059 Centum
258 3001 306 3059 alii
318 3011 407 3059 curva
419 3001 482 3058 haec
495 3001 626 3060 habitant
640 3002 675 3058 ad
689 3001 784 3060 littora
795 2997 883 3077 vulgd

116 3078 231 3137 Infandi
245 3078 399 3157 Cyclopes,
414 3086 444 3136 et
457 3079 521 3138 altis
535 3080 679 3138 montibus
695 3087 796 3137 errant.

116 3156 216 3215 Tertia
224 3159 286 3235 jam
300 3159 377 3215 Iunae
390 3175 421 3215 se
436 3176 545 3215 cornua
556 3159 666 3216 lumine
680 3157 836 3235 complent,

118 3235 216 3306 Quum
231 3236 318 3294 vitam
332 3235 363 3293 in
378 3235 457 3292 silvis
481 3236 556 3294 inter
570 3237 683 3295 deserta
694 3237 819 3295 ferarum

116 3315 220 3372 Lustra
233 3314 401 3390 domosque,
415 3279 506 3390 trullo,
520 3323 674 3391 vastosque
687 3315 723 3373 ab
736 3333 807 3392 rupe
821 3312 965 3389 Cyclopea

116 3391 274 3469 Prsspicio,
289 3392 472 3469 sonitumque
485 3394 593 3470 pedum
607 3413 766 3468 vocemque
780 3391 924 3452 tremisco.

116 3470 235 3529 Victum
250 3471 406 3547 infelicem,
420 3472 533 3547 baccas,
546 3470 734 3549 lapidosaque
748 3491 845 3548 corna,

116 3547 198 3607 Dant
210 3550 291 3626 rami,
306 3558 336 3609 st
344 3550 434 3610 vulsis
447 3558 571 3629 pascunt
583 3549 727 3610 radicibus
740 3550 849 3609 herbae.

118 3624 224 3686 Omnia
237 3628 417 3707 collustrans,
430 3629 507 3690 hanc
520 3625 645 3708 primirm
659 3631 696 3690 ad
709 3630 804 3690 littora
816 3629 938 3689 classem
971 3666 982 3679 s
1085 3630 1088 3635 '
