2370 4176
100 177 147 245 m
436 176 752 244 cnoncrconun
801 256 808 275 ι
865 256 873 267 .

108 327 199 389 Nunc
212 334 301 406 ceput
313 324 458 407 objecere
471 326 560 403 fretis,
573 347 651 386 nunc
666 344 781 387 currere
793 326 823 387 in
836 327 940 406 undu,
1031 314 1043 326 ”

111 407 152 466 Et
165 407 259 465 studio
273 406 420 468 merosum
432 407 533 466 videos
547 407 651 483 gestire
664 405 800 479 Invendi3

108 484 188 544 Tum
202 484 304 543 cornix
315 483 403 561 plenl
416 485 545 560 pluviem
558 493 643 543 vocet
655 483 786 560 improbe
798 503 881 560 voce,

111 561 156 631 Et
167 563 228 622 sole
240 562 271 619 in
285 562 363 620 sices
376 581 477 625 secum
491 562 628 639 spetiemr
641 563 738 622 mem.

110 641 160 700 Ne
173 649 314 699 nocturno
326 640 446 716 quidem
459 647 612 717 cerpentes
625 658 717 716 pense
729 639 834 717 puelle

110 718 142 777 N
142 715 270 777 eminere
283 717 423 794 hiemem,
436 719 511 776 testi
524 737 615 796 quum
628 718 746 778 ardente
760 717 893 779 riderent

112 795 274 854 scintillare
288 795 386 855 oleum
399 804 430 855 et
441 804 539 873 putres
552 814 739 856 concrescere
751 794 865 872 fungos.

150 874 181 932 N
183 892 216 931 ec
230 871 326 932 mindo
340 893 380 936 ex
391 874 477 932 imbri
491 874 567 935 soles
580 881 611 932 et
623 881 722 950 eperte
734 891 837 933 serene

109 950 289 1030 respuere,
303 959 333 1010 et
346 951 432 1011 certis
444 952 551 1029 poteris
565 970 739 1026 cognoscere
754 951 862 1026 signis:
923 971 927 976 ·
1045 990 1059 1007 c

107 1029 142 1089 N
143 1048 189 1087 ern
202 1048 297 1106 neque
311 1038 373 1092 tum
386 1029 476 1090 stellis
490 1031 568 1089 scies
581 1030 683 1088 obtuse
695 1030 829 1102 videtur3
853 1079 858 1088 .

109 1106 176 1166 Nec
190 1107 282 1165 fratris
295 1108 383 1171 radiis
396 1108 523 1170 obnoxio
535 1126 650 1183 surgere
665 1109 767 1180 Lunn;

110 1183 227 1243 Tenuis
238 1203 294 1243 uec
306 1185 382 1247 lene
394 1204 447 1262 per
460 1185 567 1245 coelurn
579 1185 687 1246 vellere
700 1185 787 1258 terrm

109 1262 141 1321 N
142 1256 187 1320 on'
194 1263 323 1341 tepidum
338 1263 375 1326 ud
388 1262 479 1324 solem
492 1281 602 1341 pennos
616 1264 646 1321 in
661 1263 756 1322 littore
768 1264 900 1340 pendunt

61 1391 64 1396 .
110 1341 235 1407 Necte
250 1341 370 1399 Thetidi
384 1341 540 1417 eleyones5
561 1361 619 1402 nou
634 1361 682 1400 ore
697 1341 805 1402 solutos

111 1418 258 1476 Immundi
269 1417 432 1483 meminere
445 1439 511 1481 sues
520 1423 631 1498 jucture
644 1418 805 1496 mmiplos:

111 1497 151 1554 At
163 1496 277 1555 nebulae
292 1495 384 1572 magis
397 1498 457 1558 ime
468 1506 580 1573 petunt,
594 1515 754 1573 campoque
767 1496 957 1572 recumbunt3

112 1573 187 1631 Solis
201 1584 230 1633 et
243 1593 381 1632 occasum
395 1593 513 1635 serenus
526 1576 564 1634 de
578 1574 706 1635 culmine
720 1594 836 1638 summo

110 1651 141 1709 N
143 1653 320 1728 equidqunm
334 1670 416 1711 seros
427 1661 545 1716 exercet
556 1661 663 1714 noctus
675 1661 777 1716 emtus
790 1672 799 1713 r

110 1731 241 1806 Apparet
252 1730 364 1807 liquido
377 1730 510 1793 sublimis
523 1732 553 1791 in
568 1735 636 1791 nere
648 1731 752 1806 Nisus,

111 1806 152 1865 Et
164 1827 216 1885 pro
229 1827 375 1885 purpureo
436 1828 489 1868 nes
502 1811 552 1872 det
566 1810 664 1887 Scylla
677 1809 800 1887 cupill03

111 1884 310 1964 Quicumque
321 1886 373 1950 illu
395 1907 481 1947 erem
494 1887 608 1964 fugiens
621 1895 701 1948 secet
715 1887 824 1949 ethere
835 1887 949 1965 pennis,

110 1963 191 2022 Ecce
205 1964 340 2023 inimicus
354 1974 436 2027 etrox
450 1985 555 2042 magno
568 1966 688 2026 stridore
702 1985 754 2043 per
767 1984 850 2028 surus

111 2041 277 2119 Insequitur
290 2044 402 2117 Nisus3
423 2045 482 2120 qul
495 2063 527 2104 se
540 2044 595 2103 lert
607 2044 700 2103 Nisus
714 2045 752 2106 ud
764 2063 857 2119 sures,

75 2195 77 2198 Α
111 2119 166 2182 ltu
177 2120 274 2178 levem
289 2120 405 2197 fugiens
416 2121 521 2198 ruptim
535 2130 613 2180 secet
626 2120 736 2180 ethere
747 2122 871 2199 pennis:
963 2195 967 2198 ,

110 2196 190 2255 Tum
204 2198 327 2276 liquidas
341 2199 421 2260 corvi
432 2218 532 2276 presso
544 2207 589 2257 ter
601 2206 717 2274 gutture
730 2217 818 2262 voces
955 2198 961 2204 ’

109 2276 172 2333 Aut
185 2284 286 2352 quater
298 2275 497 2352 ingeminuut3
518 2285 549 2336 et
560 2273 639 2354 saepe
654 2275 801 2339 cubilibus
814 2276 887 2353 dtis,

110 2353 221 2413 Nescio
235 2355 293 2447 qui
305 2362 410 2433 preter
423 2355 540 2413 solitum
555 2354 711 2417 dulcedine
724 2353 795 2430 lseti,

111 2430 191 2488 Inter
203 2450 235 2490 se
248 2450 279 2489 ιιι
292 2431 369 2491 soliis
382 2432 552 2510 strepitnnt;
570 2435 664 2511 juvet,
679 2431 821 2492 imbribus
835 2434 915 2509 sctis,

110 2508 286 2585 Progeniem
298 2528 418 2588 porrum
432 2510 591 2586 dulcesque
605 2510 730 2569 revisere
743 2511 836 2575 nidos.

151 2588 240 2646 Haud
253 2587 390 2666 equidem
403 2588 490 2650 eredo
504 2589 573 2667 quie
585 2588 623 2648 sit
635 2585 773 2648 divinitus
786 2589 844 2649 illis

111 2664 277 2742 Ingenium,
293 2676 343 2726 eut
355 2685 451 2726 rerum
466 2667 525 2727 suto
537 2668 692 2745 prudentie
704 2670 796 2746 mejor
808 2688 817 2730 ε.

110 2741 223 2802 Verum
247 2745 299 2807 ubi
312 2753 469 2824 tempestus
483 2753 513 2807 et
526 2746 593 2805 eceli
606 2745 722 2806 mobilis
734 2745 841 2810 humor
881 2797 886 2806 .

111 2788 266 2882 Mutavire
279 2824 352 2900 viss,
366 2832 396 2882 et
407 2825 522 2901 Jupiter
534 2824 640 2884 uvidus
654 2823 757 2883 curuis
821 2825 825 2833 '

111 2899 224 2963 Denset
237 2908 319 2959 erant
331 2919 397 2979 quae
411 2920 474 2962 rere
488 2898 585 2976 modo,
599 2908 630 2960 et
642 2918 708 2977 quos
721 2899 816 2965 dense
825 2899 945 2976 relaxet,

111 2977 272 3036 Vertuntur
284 2979 396 3054 species
410 2978 584 3053 animorum,
598 2985 628 3036 et
639 2985 757 3055 pectore
769 2985 866 3042 motio
887 3005 891 3009 ·

110 3055 142 3114 N
143 3074 200 3112 unc
215 3055 295 3131 elios,
309 3055 379 3114 alios
393 3055 464 3122 dum
478 3055 578 3115 nubile
591 3064 695 3119 ventus
708 3054 827 3131 egebat,

111 3131 309 3209 concipiunt:
330 3133 400 3199 hinc
413 3133 463 3193 ille
477 3134 576 3193 ovium
590 3141 752 3196 concentus
765 3133 799 3196 iu
810 3134 893 3211 egris
910 3164 918 3170 ·
1016 3174 1019 3181 ·

112 3209 154 3268 Et
166 3209 241 3267 lsetse
252 3211 395 3305 pecudes,
410 3219 442 3270 et
453 3219 572 3273 ovantes
586 3211 802 3287 guumegcorv'n

152 3288 185 3347 Si
197 3306 266 3345 vero
280 3288 373 3351 solem
386 3290 422 3354 nd
436 3289 570 3367 tepidum
583 3289 726 3382 lunasque
739 3296 895 3366 sequentes

113 3365 223 3424 Ordine
237 3366 383 3443 respicies,
397 3386 549 3444 nnnquorn
560 3376 590 3429 le
604 3367 823 3433 crmnnstdlet

112 3445 203 3520 Hom,
217 3463 313 3521 neque
326 3445 439 3504 insidiis
451 3447 544 3509 noctis
557 3443 672 3523 capiere
685 3464 808 3512 serene„

112 3523 198 3579 Luna
211 3524 387 3585 revertentes
399 3543 491 3600 quum
503 3521 632 3602 primum
644 3523 754 3600 colligit
766 3526 861 3602 ignes,
883 3584 886 3591 .

114 3599 146 3657 si
160 3599 272 3675 nigrum
286 3601 409 3663 obscuro
420 3603 632 3680 comprenderit
644 3606 712 3664 edre
724 3622 825 3680 cornu,
944 3616 955 3669 ’,

109 3677 263 3738 Μιιιίιιιιιι
277 3679 408 3756 agricolis
420 3680 580 3759 pelagoque
593 3679 739 3758 parebitur
751 3681 844 3747 imber
855 3699 863 3739 ι
