2370 4176
111 206 163 263 lon
511 204 697 262 AENElDOS
788 225 791 230 ·

106 357 231 435 Accepit
243 357 342 434 galea:
364 363 393 415 et
404 357 514 434 primus
528 357 654 415 clamore
667 358 795 417 secundo

107 434 272 511 Hyrmine
287 443 355 494 ante
366 453 468 495 omnes
482 435 543 493 exit
555 435 637 493 locus
649 436 861 513 Hippocoontis
873 457 883 494 τ
972 464 976 474 ·

108 513 206 585 Quem
221 513 307 572 modo
320 513 416 570 navali
429 514 603 572 Mnestheus
618 514 775 573 certamine
787 515 880 575 victor

107 592 311 671 Consequitur,
325 592 410 649 viridi
424 592 598 651 Mnestheus
612 593 745 651 evinctus
759 592 844 652 olivi.
938 647 941 653 .

106 669 224 730 Tertius
232 671 390 747 Eurytion,
406 680 481 744 tuus,
496 690 513 728 o
526 671 693 746 clarissime,
707 668 803 746 frater,

106 748 248 824 Pandare,
262 751 312 826 qui
326 749 481 825 quondam,
491 751 591 827 jussus
605 749 782 807 confundere
795 750 902 826 foedus,

107 827 142 883 In
156 828 267 886 medios
282 828 371 885 telum
385 828 491 885 torsisti
504 828 613 904 primus
627 829 764 886 Achivos.

106 905 265 964 Extremus
278 906 420 982 galeisque
432 905 493 963 imai
507 905 637 964 subsedit
647 909 786 980 Acestes3

105 986 203 1042 Ausus
217 986 322 1061 etipse
336 1004 423 1043 manu
433 987 577 1063 juvenum
591 994 701 1043 tentore
714 985 852 1043 laborem.
883 982 894 987 ’
991 1040 995 1047 .

105 1061 182 1120 Tum
197 1065 299 1122 validis
312 1063 404 1121 flexos
417 1064 570 1121 incurvant
582 1064 690 1121 viribus
702 1083 785 1122 arcus

105 1141 163 1199 Pro
177 1161 209 1199 se
223 1143 344 1219 quisque
358 1143 421 1218 viri,
436 1150 465 1200 et
479 1142 650 1219 depromunt
663 1143 721 1200 tels
733 1143 893 1219 pharetris:
983 1140 986 1146 ’

105 1218 259 1297 Primoque
273 1241 325 1298 per
338 1220 444 1279 coslum
459 1239 548 1278 nervo
562 1221 699 1279 stridente
714 1223 816 1298 sagitta

106 1298 273 1374 Hyrtacidae
283 1301 400 1378 juvenis
413 1300 546 1358 volucres
557 1300 719 1358 diverberat
732 1319 823 1375 auras,

105 1376 147 1434 Et
159 1378 248 1453 venit,
264 1379 433 1455 adversique
446 1379 574 1455 infigitur
587 1378 686 1435 arbore
700 1379 777 1435 mali.

106 1454 259 1515 Intremuit
273 1457 375 1532 malus,
389 1457 542 1533 timuitque
556 1457 690 1514 exterrita
703 1455 809 1531 pennis

104 1533 185 1606 Ales,
201 1543 230 1592 et
243 1536 352 1609 ingenti
366 1542 524 1592 sonnerunt
537 1534 634 1591 omnia
647 1532 759 1608 plausu.

104 1608 177 1669 Pdst
190 1631 256 1669 acer
268 1611 441 1669 Mnestheus
456 1612 578 1669 adducto
589 1612 716 1670 constitit
730 1630 809 1686 arcu,
866 1637 869 1641 ·
913 1682 916 1687 .

104 1689 173 1747 Alta
183 1698 304 1766 petens;
326 1690 490 1767 pariterque
504 1691 604 1747 oculos
618 1690 767 1766 telumque
781 1689 923 1750 tetendit:

105 1769 160 1825 Ast
172 1771 264 1845 ipsam
280 1769 459 1826 miserandus
474 1788 556 1826 avem
571 1770 739 1845 contingere
752 1770 827 1827 ferro

105 1847 136 1905 N
137 1867 174 1904 on
188 1848 294 1920 valuit5
316 1849 407 1906 nodos
422 1855 451 1906 et
463 1847 581 1906 vincula
594 1847 671 1906 linea
687 1849 773 1924 rupit,

106 1926 200 1996 Queis
213 1927 321 1984 innexa
333 1927 438 2003 pedem
453 1927 529 1984 malo
542 1927 689 2003 pendebat
703 1927 738 1984 ab
753 1928 819 1985 alto.

106 2003 161 2062 Illa
174 2006 205 2064 N
206 2010 268 2063 ot'os
283 2012 368 2080 atque
383 2014 443 2062 atra
456 2006 556 2062 volans
570 2006 600 2060 in
614 2006 713 2062 nubila
723 2005 805 2080 sugit.

105 2082 182 2141 Tum
197 2085 323 2160 rapidus,
334 2084 506 2161 jamdudum
520 2101 586 2138 arcu
600 2090 736 2141 contenta
748 2091 847 2158 parato

105 2161 180 2219 Tela
193 2170 304 2235 tenens,
318 2161 433 2218 fratrem
448 2160 591 2234 Eurytion
605 2161 635 2216 in
649 2168 717 2217 vota
726 2161 850 2236 vocavit,

104 2238 122 2296 J
124 2259 170 2297 am
184 2258 276 2296 vacuo
290 2239 386 2295 laetam
401 2237 474 2294 coelo
488 2237 670 2313 speculatus;
693 2245 722 2295 et
733 2238 784 2295 slis

105 2317 295 2375 Plaudentem
309 2316 391 2391 nigri
405 2315 468 2391 figit
480 2315 533 2373 sub
547 2315 625 2374 nube
639 2316 812 2373 columbam.

105 2396 224 2453 Decidit
238 2394 389 2468 exanimis,
404 2395 552 2470 vitamque
566 2394 681 2470 reliquit
693 2395 723 2451 in
738 2395 820 2453 astris

105 2474 257 2549 AEtheriis‚
271 2473 416 2550 fixamque
430 2473 516 2531 resert
529 2474 646 2550 delapsa
660 2474 801 2550 sagittam.

105 2553 220 2610 Amissi
235 2552 313 2610 solus
326 2551 422 2629 palmi
438 2553 591 2629 superabat
603 2556 742 2625 Acestes;

107 2630 167 2700 Qui
182 2640 279 2689 tamen
294 2632 385 2689 aerias
396 2631 489 2692 telum
503 2632 650 2691 contendit
663 2632 694 2689 in
710 2651 802 2707 auras,
880 2676 888 2693 .
914 2647 916 2650 ·

107 2709 262 2769 Ostentans
276 2719 424 2786 artemque
438 2720 528 2787 peter,
544 2718 871 2788 arcumquesonantem.

106 2786 167 2846 Hic
181 2789 274 2847 oculis
288 2790 414 2848 subitum
428 2789 563 2867 objicitur
576 2809 738 2864 magnoque
747 2789 878 2847 futurum

106 2869 235 2941 Augurio
250 2876 428 2935 monstrum:
451 2868 549 2925 docuit
561 2865 627 2942 pdst
641 2867 736 2924 exitus
749 2867 869 2942 ingens3

108 2944 236 3019 Seraque
251 2945 366 3002 terrifici
380 2946 549 3000 cecinerunt
562 2944 660 3000 omina
674 2951 764 3000 vates.

106 3022 243 3097 Namque
257 3021 357 3078 volans
371 3021 487 3096 liquidis
501 3022 531 3078 in
545 3021 752 3079 nubibusarsit
765 3023 883 3096 arundo,

108 3099 296 3174 Signavitque
309 3099 386 3155 viam
400 3098 535 3173 flammis,
550 3107 710 3173 tenuesque
725 3100 845 3158 recessit

107 3177 288 3252 Consumpta
301 3176 329 3232 in
345 3183 464 3232 ventos:
486 3177 559 3235 coelo
575 3196 629 3234 eeu
643 3175 721 3252 saepd
736 3178 827 3235 refixa

107 3254 318 3312 Transcurrunt
331 3253 498 3329 crinemque
512 3255 638 3312 volantia
651 3255 745 3312 sidera
758 3256 879 3316 ducunt.
892 3298 894 3302 ψ
993 3299 996 3303 -

34 3341 37 3345 ’
106 3333 245 3391 Attonitis
258 3329 370 3390 haesdre
385 3332 497 3407 animis,
513 3352 688 3409 superosque
701 3335 819 3410 precati,

107 3411 250 3468 Trinacrii
264 3411 429 3488 Teucrique
443 3411 514 3468 viri:
536 3430 591 3468 nec
606 3412 748 3470 maximus
763 3433 850 3471 omen

108 3489 219 3547 Abnuit
231 3489 359 3562 AEneas;
382 3490 432 3547 sed
446 3489 546 3547 laetum
561 3489 712 3566 amplexus
726 3493 854 3551 Acesten

97 3567 282 3625 ‘Muneribus
297 3569 425 3627 cumulat
439 3568 559 3644 magnis,
574 3587 608 3625 ec
621 3569 689 3626 talia
702 3569 793 3627 intur:

110 3645 209 3719 Sume,
224 3654 320 3721 pater3
342 3665 410 3704 nam
423 3656 452 3704 te
464 3647 556 3705 voluit
568 3665 620 3704 rex
633 3667 754 3724 magnus
768 3647 887 3727 Olympi

109 3722 230 3781 Tolibus
244 3725 380 3804 auspiciis
394 3733 538 3784 exsortem
551 3726 659 3786 ducere
672 3727 808 3788 honores.
