2370 4176
527 179 644 254 unns
661 180 696 233 v.

112 328 179 406 Ipse
194 327 288 404 grecis
302 320 482 404 groviter’quc
496 328 532 386 sd
546 336 650 387 terrem
662 329 792 406 pondere
804 337 886 395 vesto

111 407 263 466 Concidit:
286 415 317 466 ut
330 406 474 484 quondam
488 425 559 464 cors
572 407 709 483 concidit,
724 411 773 466 out
785 408 978 485 Erymantho,
1086 494 1089 498 ἢ

113 487 171 543 Aut
185 479 237 543 Idri
251 486 281 543 in
295 485 409 561 mugnis,
424 484 568 546 radicibus
582 494 663 543 eruto
674 487 769 562 pinus.

111 563 298 639 Consurgunt
311 564 412 627 studiis
427 562 536 621 Teucri
549 571 579 622 et
592 562 743 623 TrinocrIs
754 562 865 642 pubes:

111 642 138 703 lt
151 642 260 701 clsmor
273 642 365 714 coelo;
386 643 553 719 primusque
567 642 688 701 occurrit
700 645 832 717 Acestes,
887 677 889 681 ν

110 720 345 798 AEquaevumque
359 720 395 778 ob
408 720 497 779 humo
511 720 651 779 miserens
665 721 769 780 attollit
782 723 915 781 amicum.

110 800 159 875 At,
173 818 232 856 non
243 799 372 858 ¹turdstus
386 817 454 858 cusu
467 817 563 876 neque
577 799 700 875 territus,
714 800 799 859 heros

109 877 212 936 Acrior
225 878 261 935 sd
274 897 401 954 pugnem
414 877 499 953 redit,
513 897 546 936 oc
560 877 621 938 rim
634 879 825 953 suscitatiro3

110 955 189 1013 Tum
202 957 294 1033 pudor
305 956 434 1015 incendit
447 956 531 1030 vires,
546 964 576 1015 et
589 956 707 1015 conscio
719 958 825 1017 virtus:

109 1033 350 1112 Praecipitemque
364 1036 464 1094 Doren
478 1035 581 1094 ordens
595 1035 654 1111 ogit
666 1042 782 1112 aeqoore
795 1043 864 1113 toto,
968 1040 985 1067 ⁸

110 1113 200 1172 Nunc
213 1114 316 1173 dextri
330 1114 512 1190 ingeminans
525 1113 701 1190 ictussnunc
714 1115 764 1173 ille
778 1116 902 1177 sinistri,

109 1192 176 1251 Nec
190 1212 347 1268 mors,nec
361 1192 492 1270 requies:
514 1190 602 1269 quim
616 1193 707 1252 multi
720 1195 859 1268 grandine
872 1194 965 1259 nimbi
984 1235 986 1239 -

109 1270 294 1338 Culminibus
309 1271 459 1348 crepitant,
473 1272 515 1330 sic
529 1270 626 1330 densis
639 1271 746 1332 ictibus
759 1273 845 1337 beros
899 1267 922 1331 .'

110 1348 220 1407 Creber
232 1351 354 1427 utrisque
368 1368 457 1410 monn
470 1350 566 1427 pulset
578 1358 731 1426 versatque
745 1352 862 1415 Doreto.

109 1426 188 1487 Tum
200 1437 281 1506 poter
293 1429 406 1487 AEneas
418 1428 576 1506 procedere
589 1425 704 1504 longids
717 1429 774 1489 ires
851 1485 854 1491 .
953 1452 955 1456 ’

70 1566 75 1573 ,
109 1507 151 1565 Et
164 1507 266 1566 srevire
276 1508 379 1566 animis
393 1507 545 1566 Entellum
558 1506 637 1565 houd
649 1527 750 1584 possus
765 1509 896 1576 acerbis}
933 1549 934 1552 =

111 1585 170 1643 Sed
183 1586 271 1643 finem
284 1587 422 1663 imposuit
434 1605 549 1663 pugnae,
563 1586 728 1664 fessumque
738 1588 851 1646 -Doreto

109 1663 235 1741 Eripuit,
250 1664 381 1723 mulcens
394 1665 495 1737 dictis;
518 1683 552 1727 ec
565 1664 633 1729 tolia
646 1665 737 1724 latur:

109 1742 234 1801 Infelixi
256 1763 320 1820 quae
335 1751 415 1802 tento
427 1743 556 1801 animum
570 1743 717 1802 dementis
730 1744 824 1820 cepit!

108 1820 140 1880 N
141 1840 179 1879 on
191 1821 267 1880 vires
282 1823 361 1897 ulios,
376 1839 572 1898 conversoque
586 1821 715 1897 numina,
730 1823 839 1882 sentis?

108 1899 191 1958 Cede
205 1901 268 1959 deo.
311 1901 463 1976 Dixitque,
477 1907 507 1958 et
520 1900 621 1976 proelio
633 1919 706 1958 voce
719 1900 849 1960 diremit

109 1978 164 2037 Ast
175 1978 257 2036 illum
270 1978 322 2036 fidi
336 1978 471 2056 aequsles,
486 1997 582 2054 genus
595 1997 672 2054 segre
684 1977 856 2054 trahentem,
957 1993 966 2008 ·

107 2056 326 2135 luctantemque
341 2054 463 2137 utroque
477 2065 572 2134 caput,
587 2075 772 2134 crassumque
786 2077 916 2118 cruorem

109 2134 168 2193 Ore
183 2138 355 2214 ejectantem
369 2136 533 2212 mixtosque
546 2135 576 2193 in
591 2135 730 2212 sunguine
745 2137 865 2212 dentes,¹

109 2214 229 2272 Ducunt
242 2215 277 2286 sd
292 2233 400 2272 naves:
422 2214 594 2290 galeamque
608 2233 766 2292 ensemque
781 2214 878 2275 vocati

98 2292 265 2369 Accipiunt
277 2313 284 2366 3
306 2293 432 2369 palmam
446 2293 565 2351 Entello
579 2300 749 2370 taurumque
762 2293 938 2369 relinquunt.

88 2388 91 2393 ·
109 2369 169 2428 Hic
182 2371 281 2447 victor,
296 2391 434 2448 superans
448 2372 560 2446 animis,
575 2379 714 2448 tauroque
728 2371 889 2448 superbus:

107 2447 140 2506 N
141 2457 187 2507 ote
202 2450 266 2524 dest,
280 2469 389 2526 vosque
403 2450 479 2524 hrec,
493 2450 596 2526 inquit,
611 2450 786 2526 cognoscite,
798 2448 915 2526 Teucri,

108 2527 150 2584 Et
163 2528 235 2586 mihi
249 2547 313 2604 quae
325 2528 431 2587 fuerint
440 2529 571 2606 juvencli
585 2529 615 2585 in
629 2547 749 2606 corpore
762 2528 849 2604 vires,

108 2605 149 2666 Et
163 2607 220 2682 qui
234 2607 353 2666 servetis
367 2614 533 2667 revocatum
548 2626 566 2664 e
579 2613 669 2665 morte
683 2608 802 2666 Dareta.

107 2684 200 2760 Dixit,
216 2692 245 2743 et
258 2686 370 2743 adversi
384 2693 485 2744 contra
498 2685 575 2743 stetit
588 2704 638 2743 ora
646 2684 777 2763 juvenci,

109 2762 169 2832 Qui
183 2764 290 2821 donum
304 2763 434 2823 odstobot
446 2783 553 2840 pugnae
565 2784 584 2837 5.
595 2764 737 2840 durosque
751 2761 870 2823 reducti

107 2840 236 2899 Librevit
250 2842 351 2900 dextris
364 2842 460 2900 medio
471 2842 548 2900 >inter
561 2861 668 2901 cornus
681 2851 786 2902 oaestus
803 2898 807 2904 .

106 2920 235 2995 Arduus,
250 2919 425 2998 effractoque
439 2920 520 2978 illisit
532 2921 562 2979 in
576 2940 642 2979 osso
655 2921 782 2979 cerebro.

108 2998 260 3074 Sternitur,
275 2999 474 3076 exanimisque
488 3007 614 3057 tremens
627 2998 791 3075 procumbit
803 2996 885 3054 humi
898 2995 960 3054 bos.

108 3075 162 3134 Ille
177 3096 264 3154 super
277 3077 349 3136 tales
363 3076 486 3136 effundit
497 3085 617 3154 pectore
630 3095 735 3134 voces:

108 3155 194 3213 Hanc
208 3156 378 3231 tibi,‘Eryx,
392 3156 546 3222 meliorem
557 3155 681 3212 unimam
695 3174 746 3230 pro
760 3161 853 3211 morte
866 3150 983 3219 Daretis

106 3233 265 3292 Persolvo:
288 3232 338 3291 hic
351 3234 443 3307 victor
457 3242 561 3291 caestus
576 3240 854 3308 artemquerepono.

146 3312 416 3381 ProtenusAEness
430 3312 518 3370 celeri
532 3319 640 3375 certare
654 3310 757 3385 sogitti
868 3309 870 3313 ’

108 3389 215 3450 lnvitot
225 3391 275 3468 qui
287 3389 360 3449 sorte
374 3390 482 3463 veliut3
503 3396 534 3449 et
546 3388 666 3466 praernio
677 3389 777 3464 ponit:

107 3468 281 3546 Ingentique
296 3487 384 3527 msnu
398 3469 506 3527 malurn
521 3469 557 3526 de
571 3485 645 3525 nave
661 3466 768 3524 Seresti

108 3547 222 3642 Erigit,
244 3555 274 3606 et
286 3546 436 3606 volucrem
449 3549 570 3624 trejecto
583 3545 614 3603 in
627 3544 697 3603 func
710 3540 885 3614 columbum,

109 3625 179 3696 Quo
193 3627 314 3685 tendant
326 3625 443 3700 sermm,
457 3625 533 3683 molo
547 3622 698 3700 suspendit
711 3619 746 3679 ob
761 3619 828 3685 olto,

109 3703 282 3765 Convenere
296 3704 360 3786 riri,
375 3704 575 3786 dejectumque
589 3719 664 3768 neren
677 3707 783 3766 sortem
