2400 4178
90 174 143 243 Μ
488 178 669 237 AENEIDOS

90 336 224 409 Quantus
237 333 275 393 sd
287 332 437 393 etherium
451 333 517 391 coeli
530 341 681 411 suspectus
695 331 862 409 Olympum.

90 416 150 475 llic
164 434 255 493 genus
269 414 420 492 antiquum
434 412 543 487 Terrre,
557 412 674 471 Titania
685 411 788 489 pubes,

90 494 227 555 Fulmiue
240 494 355 571 dejecti,
369 492 460 549 sundo
473 492 627 551 volvuntur
640 492 669 549 in
684 492 752 548 imo.

91 573 150 643 Hie
165 583 193 632 et
206 573 324 631 Aloidas
338 572 479 647 geminos,
492 571 639 646 immania,
654 570 723 647 vidi,

87 654 227 731 Corpora,
242 651 290 728 qui
304 650 437 710 manibus
452 670 589 727 magnum
603 651 767 708 rescindere
781 650 888 709 coelum

90 732 237 809 Aggressi,
251 728 420 809 superisque
433 730 535 787 lovem
551 729 702 788 detrudere
716 730 820 805 regnis.

90 811 161 870 Vidi
174 820 204 869 et
216 810 348 868 crudeles
362 810 478 867 dantem
494 808 648 867 Salmonea
660 828 770 886 poenas,

89 890 170 948 Dum
183 889 313 947 flammas
325 889 406 947 lovis
421 899 449 946 et
463 888 573 946 sonitus
587 889 713 946 imitatur
727 887 853 965 Olympi.

91 970 224 1040 Quatuor
237 968 285 1025 hie
301 969 433 1027 invectus
447 968 539 1045 equis,
554 976 584 1026 et
596 968 729 1044 lampada
743 986 890 1045 quassans,

90 1048 148 1107 Per
161 1048 280 1106 Graium
294 1048 418 1126 populos
432 1049 593 1123 mediaeque
606 1066 659 1183 per
672 1046 767 1106 Elidis
781 1047 882 1108 urbem

90 1126 156 1187 Ibat
169 1147 270 1202 orans,
284 1128 440 1203 divirmque
455 1126 510 1185 sibi
522 1145 612 1204 posce
634 1136 662 1184 at
676 1125 833 1184 honorem:

90 1207 240 1265 Demens!
263 1207 311 1284 qui
325 1206 439 1264 nimbos
453 1214 482 1264 et
495 1226 552 1264 non
567 1205 706 1264 imitabile
720 1205 829 1265 fulmen

91 1287 164 1344 AEre
178 1297 207 1346 et
221 1287 409 1364 cornipedum
421 1285 508 1363 pulsu
522 1285 833 1362 simulriratequorum.

90 1367 130 1424 At
143 1374 225 1443 pater
238 1366 420 1443 omnipotens
434 1366 524 1424 densa
537 1366 612 1424 inter
624 1364 723 1422 nubila
736 1365 827 1424 telum

90 1444 255 1519 contorsit3
277 1466 335 1503 non
349 1445 399 1503 ille
412 1445 501 1517 faces,
515 1463 570 1502 neo
585 1444 681 1501 fumea
694 1445 777 1502 taedis

90 1524 233 1597 Lumina;
254 1524 488 1602 praecipitemque
496 1524 615 1581 immani
629 1522 741 1580 turbine
756 1522 871 1599 adegit.⁴

90 1603 120 1661 N
122 1623 155 1661 eo
171 1623 228 1661 non
243 1612 271 1661 et
285 1603 403 1679 Tityon,
418 1603 515 1660 Terrae
530 1602 736 1679 omniparentis
750 1603 908 1680 alumnum,

90 1684 218 1741 Cernere
232 1690 310 1756 enrt;
331 1700 383 1761 per
395 1690 456 1740 tota
468 1701 572 1740 novem
587 1681 633 1740 cui
644 1684 749 1760 jugera
761 1700 867 1760 corpus

93 1762 264 1837 Porrigitur3
286 1771 433 1839 rostroque
447 1762 579 1820 immanis
592 1761 689 1820 vultur
701 1761 816 1820 obunco

91 1843 256 1900 Immortale
266 1844 351 1919 jecur
364 1842 496 1916 tondens,
511 1841 700 1917 iracundaque
713 1841 807 1919 poenis

89 1918 220 1997 Viscera,
235 1921 408 1998 rimaturque
423 1921 525 1999 epulis,
540 1921 707 1998 habitatque
721 1921 774 1979 sub
789 1921 846 1979 alto

89 2000 228 2074 Pectore,
250 2020 305 2059 neo
319 2001 398 2060 libris
413 2001 527 2076 requies
542 2002 625 2059 datur
638 2001 697 2057 ulla
710 2000 824 2059 renatis.

91 2080 170 2151 Quid
184 2098 341 2138 memorem
356 2080 504 2156 Lapithas,
520 2079 632 2154 lxiona,
648 2079 878 2156 Pirithoiimque,

91 2159 172 2230 Quos
186 2178 271 2236 super
285 2168 345 2218 atra
358 2158 431 2216 silex
441 2160 503 2235 jam
514 2161 576 2236 jam
589 2157 704 2234 lapsura
717 2159 893 2236 cadentique

90 2238 226 2296 imminet
239 2238 392 2295 assimilis?
433 2238 546 2294 Lucent
558 2237 719 2312 genialibus
733 2237 797 2295 altis

88 2319 188 2375 Aureo
200 2317 291 2374 fulcra
304 2316 382 2391 toris,
397 2316 550 2393 epulaeque
565 2325 631 2375 ante
645 2336 695 2374 ora
706 2325 813 2394 paratae

88 2396 222 2473 Regitico
235 2395 325 2452 luxu:
347 2394 500 2453 Furiarum
514 2396 642 2454 maxima
650 2393 736 2476 juxtd
829 2444 833 2451 .

88 2474 229 2549 Accubat,
244 2483 274 2533 et
286 2474 418 2533 manibus
431 2474 565 2551 prohibet
577 2477 744 2552 contingere
758 2495 892 2550 mensas3

89 2554 285 2631 Exsurgitque
299 2554 392 2613 focem
407 2554 550 2631 attollens,
565 2564 651 2632 atque
664 2556 776 2615 intonat
786 2574 845 2615 ore.

90 2631 149 2692 Hic
164 2634 268 2710 quibua
282 2633 368 2692 invisi
381 2633 489 2709 fratres,
504 2635 573 2694 dum
586 2636 651 2695 vita·
660 2635 802 2711 manebat,

89 2712 260 2773 Pulsatusve
273 2732 387 2808 parens,
403 2722 451 2773 aut
463 2713 539 2773 fraus
552 2715 660 2773 innexa
673 2714 786 2788 clienti3

89 2795 151 2852 Aut
163 2794 212 2871 qui
226 2793 332 2852 divitiis
346 2794 400 2851 soli
413 2792 571 2852 incubuere
585 2794 714 2870 repertis,

91 2870 122 2932 N
123 2893 157 2932 eo
172 2881 282 2951 partem
296 2870 418 2950 posuere
433 2872 501 2946 suis,
517 2891 580 2948 qure
595 2872 721 2929 maxima
734 2870 816 2929 turba
830 2878 891 2945 est3

92 2952 209 3027 Quique
224 2951 261 3008 ob
275 2950 447 3009 adulterium
461 2951 539 3028 cresi,
555 2951 660 3026 quique
675 2969 752 3008 arma
766 2951 858 3010 secuti

93 3031 196 3106 Impia,
211 3048 265 3087 nec
278 3029 362 3087 veriti
377 3028 556 3088 dominorum
570 3028 668 3087 fallere
683 3030 814 3089 dextras:

93 3108 202 3166 Inclusi
214 3127 330 3184 poenam
345 3117 523 3183 exspectant.
564 3108 613 3167 Ne
628 3128 724 3184 quaere
739 3109 836 3167 doceri

94 3188 191 3259 Quam
204 3206 328 3264 poenam,
344 3194 392 3244 aut
406 3206 469 3262 quae
485 3188 575 3245 forma
587 3187 664 3245 viros
677 3188 826 3247 fortunave
839 3186 946 3248 mersit

96 3268 205 3326 Saxum
219 3267 321 3342 iugens
334 3265 454 3324 volvunt
468 3265 525 3342 alii,
541 3267 663 3324 radiisve
677 3276 800 3326 rotarum

95 3346 225 3405 Districti
239 3346 383 3422 pendent:
406 3346 496 3422 sedet,
511 3343 707 3423 aetemirmque
721 3346 843 3422 sedebit,

97 3425 204 3484 Infelix
218 3425 367 3484 Theseus:
389 3424 592 3502 Phlegyasque
606 3425 782 3485 miserrimus
796 3442 895 3485 omnes

96 3505 253 3580 Admonet,
268 3513 297 3563 et
309 3505 413 3581 magni
427 3513 545 3564 testatur
558 3524 630 3563 voce
643 3525 696 3583 per
709 3506 843 3565 umbras:

98 3584 238 3642 “Discite
255 3584 389 3643 'ustitiam
403 3584 515 3661 moniti,
530 3593 560 3643 et
572 3604 630 3642 non
644 3594 772 3644 temnere
785 3584 900 3644 divos.”
1020 3592 1085 3653 610

98 3659 240 3731 Vendidit
249 3605 299 3721 lic
315 3683 383 3722 auro
396 3663 525 3741 patriam,
540 3664 745 3743 dominumque
758 3670 907 3744 potentem

98 3738 260 3818 imposuit.;
278 3743 345 3801 fixit
356 3743 436 3819 leges
448 3743 550 3821 pretio,
564 3753 650 3822 atque
663 3743 766 3804 refixit.
