2400 4178
144 195 182 249 tto
550 186 733 243 AENBIDOS

146 340 304 419 Molirique
319 358 425 409 arcem,
439 346 469 395 et
482 336 614 395 manibus
628 336 801 394 subvolvere
814 354 904 411 sua3

144 419 218 479 Pars
231 430 329 495 optare
344 416 440 473 locum
455 423 541 487 tecto,
556 426 585 471 et
598 414 772 471 concludere
786 414 876 473 sulcu.

144 498 224 571 Jura,
238 496 475 571 magistratusque
490 492 599 567 legunt,
614 502 802 569 sanctumque
816 502 958 553 sermm.

145 576 205 635 Hic
218 584 317 652 portus
331 573 379 629 alii
393 572 552 643 etl'odiunt;
574 570 622 627 hic
637 570 694 627 alta
706 570 825 629 theatris

145 654 347 713 Fundamenta
361 649 456 707 locant
470 649 537 720 nlii;
559 650 757 723 immanesque
771 648 921 709 columnas

144 730 280 807 Rupibus
294 728 442 801 excidunt,
456 728 551 783 scenis
565 727 670 783 decora
683 726 741 783 alta
753 726 864 786 suturis.

145 808 248 879 Qualis
262 826 332 885 apes
346 816 445 864 astate
460 808 535 862 nora
548 804 701 881 perdures
714 824 782 861 rura

144 888 274 945 Exercet
286 884 340 943 sub
354 885 415 941 sole
429 883 518 957 labor,
533 902 621 959 quum
635 884 729 957 gentis
743 884 857 943 adultos

144 964 284 1021 Educunt
299 963 404 1035 soetus3
426 972 475 1019 aut
487 980 576 1037 quum
590 961 731 1037 liquentia
744 960 830 1019 mella

145 1042 268 1118 Stipant,
283 1052 312 1099 et
326 1042 403 1097 dulci
417 1042 584 1098 distendunt
597 1050 713 1097 nectare
727 1039 834 1113 cellas;

143 1122 205 1179 Aut
217 1139 305 1179 onera
318 1120 462 1196 accipiunt
475 1118 643 1175 venientum
654 1138 662 1189 ;
685 1128 742 1191 aut,
758 1120 876 1193 agmine
889 1118 978 1195 lacto,

144 1198 284 1273 Ignavum
298 1198 379 1255 lucus
391 1216 482 1274 pecus
495 1216 513 1253 a
525 1196 703 1272 praesepibns
717 1208 824 1255 arcent.

143 1276 250 1334 Fervet
264 1296 346 1352 opus,
361 1275 550 1350 redolentque
563 1275 663 1351 thymo
677 1275 831 1349 fragrantia
844 1274 941 1333 mella.

143 1352 170 1411 0
184 1354 328 1427 fortunati,
342 1374 464 1429 quorum
474 1358 536 1445 jam
551 1354 658 1411 moenia
670 1358 806 1427 surgunt!
871 1414 886 1427 ,

141 1432 253 1489 AEneas
268 1434 325 1503 ait;
347 1442 376 1489 et
389 1432 501 1505 fastigia
514 1431 633 1507 suspicit
647 1432 734 1487 urbis.

142 1508 233 1567 Infert
246 1530 277 1567 se
291 1518 390 1585 septus
404 1510 522 1581 nebulai,
537 1507 666 1565 mirabile
681 1509 770 1583 dictu,

141 1586 199 1645 Per
211 1588 332 1660 medios,
347 1587 507 1661 miscetque
521 1587 607 1658 riris;
629 1605 724 1661 neque
738 1587 865 1645 cernitur
876 1587 938 1647 ulli.

180 1665 279 1722 Lucus
294 1665 322 1722 in
337 1665 408 1722 urbe
422 1664 475 1722 luit
488 1665 594 1738 mediis,
608 1664 772 1725 laetissimus
786 1666 907 1743 umbre,

142 1742 210 1811 Quo
223 1741 347 1819 primum
358 1744 460 1821 jactati
473 1744 558 1801 undis
572 1752 602 1801 et
614 1744 728 1803 turbine
741 1746 827 1804 Poeni

141 1820 279 1879 Elloddre
294 1823 357 1880 loco
371 1823 495 1898 signum,
511 1823 587 1898 qnod
602 1823 681 1899 regia
692 1823 770 1881 Jnuo

140 1899 316 1959 Monstrdrat
330 1910 417 1977 caput
429 1902 503 1959 acris
517 1901 605 1976 equi;
628 1902 669 1959 sic
682 1921 749 1959 narn
764 1902 824 1959 sore
837 1899 915 1959 bello

140 1977 296 2069 Egregium
310 1990 340 2037 et
352 1979 466 2037 facilem
481 1981 557 2037 victu
571 1998 624 2055 per
636 1981 742 2037 saecula
755 1988 882 2055 gentem.

140 2054 199 2113 Htc
213 2058 353 2133 templum
366 2058 474 2115 Junoni
488 2059 590 2131 ingens
605 2058 726 2114 Sidonia
739 2059 817 2113 Dido

139 2132 300 2207 Condebat,
316 2136 398 2191 donis
412 2135 581 2210 opulentum
595 2144 626 2191 et
639 2136 757 2191 numine
772 2135 847 2190 divae
859 2153 867 2205 ;

137 2210 230 2268 AErea
242 2212 289 2269 cui
304 2213 437 2287 gradibus
451 2211 606 2285 surgebant
618 2211 727 2285 limina,
742 2230 882 2287 nexaeque

138 2288 210 2345 AEre
224 2289 328 2363 trabes,
343 2290 450 2347 foribus
464 2290 550 2347 cardo
564 2289 702 2347 stridebat
715 2289 826 2347 ahenis.

139 2366 205 2423 Hoc
218 2364 343 2443 primum
357 2369 387 2426 in
401 2369 466 2426 luco
480 2387 555 2425 nova
568 2387 613 2425 res
628 2368 723 2426 oblata
735 2369 868 2426 timorem

137 2444 254 2502 Leniit:
275 2444 324 2503 hic
338 2444 462 2521 primdm
477 2447 589 2504 AEneas
603 2465 718 2523 sperare
732 2447 853 2505 salutem

136 2523 244 2597 Ausus,
259 2535 288 2582 et
302 2524 412 2583 afflictis
426 2522 531 2582 melius
544 2526 691 2583 confidere
705 2526 800 2583 rebus.

136 2599 283 2677 Namque,
298 2604 350 2660 sub
364 2604 474 2679 ingenti
487 2604 588 2662 lustrat
602 2606 671 2663 dum
686 2605 798 2681 singula
811 2603 930 2679 templu,

135 2677 280 2753 Reginam
294 2684 457 2758 opperiens,
472 2683 550 2757 dum,
566 2704 630 2759 quae
644 2683 757 2742 fortuna
770 2684 807 2742 sit
819 2682 893 2755 urbi,

135 2759 343 2835 Artificumqne
358 2781 459 2820 manus
472 2763 547 2819 inter
561 2782 602 2835 se,
617 2780 793 2839 operumque
808 2761 945 2835 laborem,
1062 2768 1132 2825 465

135 2835 268 2912 Miratur,
283 2838 363 2895 videt
376 2840 479 2897 Iliacas
493 2858 531 2897 ex
545 2841 645 2897 ordine
658 2859 781 2916 pugnas,
1119 2860 1122 2865 ·

134 2913 276 2991 Bellaque
286 2918 347 2992 jarn
361 2916 438 2973 sama
453 2926 544 2975 toturn
557 2918 674 2992 vulgata
686 2936 739 2992 per
751 2914 870 2986 orbem;

134 2993 260 3067 Atridas,
274 2993 491 3071 Priamumque,
507 3004 536 3053 et
550 3015 659 3053 saevum
674 2993 812 3051 ambobus
827 2991 983 3051 Achillem.

134 3070 289 3143 Constitit,
312 3080 341 3129 et
356 3073 526 3149 lacrymans,
542 3075 616 3145 Quis
626 3076 688 3151 jam
701 3072 791 3146 locus,
806 3071 908 3147 inquit,
922 3070 1051 3151 Achate,

136 3148 210 3218 Quae
226 3152 304 3224 regin
318 3151 348 3206 in
362 3152 443 3210 terris
457 3154 546 3210 nostri
560 3172 618 3210 non
631 3152 719 3228 plena
731 3150 859 3208 laboris?
1009 3210 1013 3215 ,
1061 3156 1130 3217 400

134 3227 182 3284 En
196 3228 347 3287 Priamus:
370 3239 437 3288 sunt
449 3229 498 3288 hic
513 3231 599 3288 etiam
613 3249 665 3287 sua
678 3229 796 3305 praemia
809 3227 898 3302 laudi,

136 3306 209 3364 Sunt
222 3308 355 3384 lacrymoe
369 3328 473 3383 rerum,
489 3317 518 3366 et
531 3316 657 3365 mentem
672 3308 803 3365 mortalia
816 3314 946 3381 tangunt.

135 3385 222 3442 Solve
237 3396 349 3458 metus;
370 3386 442 3445 feret
455 3386 518 3444 haec
532 3386 656 3462 aliquam
670 3385 723 3443 tibi
736 3385 812 3443 fama
825 3385 956 3444 salutem.

135 3464 183 3522 Sic
198 3466 247 3541 ait,
262 3474 346 3542 atque
361 3466 488 3523 animum
501 3465 613 3542 picturis
626 3463 718 3541 pascit
731 3465 818 3539 inani,

132 3541 229 3601 Multa
242 3563 371 3619 gemens,
385 3545 521 3619 largoque
534 3543 682 3601 humectat
694 3543 813 3601 flumine
826 3541 949 3601 vultum.
1058 3552 1128 3611 485

132 3621 268 3697 Namque
282 3622 400 3681 videbat
411 3620 453 3681 uti
467 3622 608 3680 bellantes
622 3622 764 3697 Pergama
776 3623 884 3681 circum

133 3699 200 3760 Huic
213 3700 345 3778 lugerent
360 3702 450 3780 Graii,
463 3702 747 3781 premeret-Trojana
755 3704 914 3781 juventus3
1000 3750 1004 3759 .
