2400 4178
110 174 162 231 174
506 174 689 265 AENElDOS

108 324 342 403 Reliquiasvino
356 332 385 380 et
398 323 527 381 bibulam
542 323 640 381 lavere
653 323 790 398 favillam,

109 402 241 479 Ossaque
255 403 332 459 lecta
345 402 416 459 cado
431 403 503 459 texit
516 405 677 478 Corynaeus
692 402 794 460 aheno.

109 481 192 538 Idem
206 491 250 538 ter
262 481 355 538 socios
369 483 440 555 puri
454 480 628 538 circumtulit
641 481 729 556 undis,

109 559 253 636 Spargens
268 578 331 616 rore
345 558 403 616 levi
418 567 447 616 et
460 578 539 615 ramo
553 558 646 615 felicis
660 558 755 633 olivae,
778 590 789 611 ·

107 638 311 714 Lustravitque
326 636 412 711 viros,
426 637 557 713 dixitque
571 637 728 694 novissima
740 635 838 695 verba.

107 719 148 774 At
161 717 225 793 pius
240 716 349 772 AEneas
363 716 472 790 ingenti
487 714 562 772 mole
577 715 740 792 sepulcrum

109 793 245 870 lmponit,
261 811 368 869 suaque
383 813 461 850 arma
474 793 545 867 viro,
560 812 740 868 remumque,
754 792 922 871 tubamque,

109 872 213 929 Monte
230 871 284 928 sub
300 872 388 945 aerio,
403 873 452 948 qui
466 890 544 928 nunc
559 872 692 929 Misenus
708 872 744 929 ab
758 871 808 931 illo

108 951 233 1021 Dicitur,
249 960 446 1026 aetemumque
460 957 540 1007 tenet
555 968 606 1026 per
619 949 725 1007 saecula
738 970 856 1009 nomen.

148 1028 204 1084 His
220 1029 300 1101 actis,
316 1026 437 1104 propere
453 1029 622 1105 exsequitur
634 1038 781 1105 praecepta
796 1028 925 1106 Sibylla.

109 1106 255 1182 Spelunca
270 1107 326 1163 alta
339 1108 402 1181 suit,
416 1116 556 1182 vastoque
571 1106 705 1163 immanis
719 1107 809 1181 hiatu,

109 1185 248 1261 Scrupea,
263 1194 325 1243 tuta
337 1184 401 1242 lacu
416 1187 498 1259 nigro
512 1203 722 1261 nemorumque
737 1185 873 1260 tenebris,

108 1262 206 1334 Quam
221 1283 307 1339 super
320 1263 398 1321 haud
413 1263 479 1320 ullte
493 1270 626 1339 poterant
639 1261 758 1340 impune
773 1264 903 1323 volantes

107 1340 243 1398 Tendere
257 1343 312 1399 iter
324 1342 437 1418 pennis,
452 1342 516 1400 talis
531 1361 595 1399 sese
609 1341 716 1399 halitus
731 1343 798 1400 atris

107 1419 253 1477 Faucibus
268 1420 420 1479 effundens
431 1440 535 1496 supera
549 1422 584 1477 ad
595 1439 727 1477 convexa
739 1419 862 1493 serebat5

111 1495 213 1571 [Unde
228 1498 323 1555 locum
339 1500 419 1556 Graii
434 1501 568 1556 dixerunt
581 1498 699 1554 nomine
713 1500 859 1576 dornon]

107 1574 240 1643 Quatuor
253 1575 301 1633 hic
315 1574 441 1652 primitur
455 1577 600 1651 nigrantes
613 1584 693 1651 terga
701 1578 843 1653 juvencos

105 1651 273 1728 Constituit,
287 1655 430 1730 frontique
445 1654 568 1730 invergit
581 1654 649 1711 vina
662 1655 816 1712 sacerdos:

105 1729 146 1793 Et
160 1751 287 1792 summas
300 1752 421 1810 carpens
436 1734 533 1791 media
546 1733 621 1791 inter
634 1751 743 1790 cornua
756 1744 842 1810 setas,

106 1813 225 1887 ignibus
240 1814 363 1888 imponit
376 1813 472 1887 sacris,
487 1812 626 1869 libamina
638 1813 740 1888 prima,

106 1892 189 1949 Voce
204 1911 310 1949 vocans
324 1892 467 1965 Hecaten,
482 1891 614 1967 coeloque
629 1890 782 1965 Ereboque
795 1897 952 1967 potentem.

108 1972 281 2047 Supponunt
294 1971 341 2027 ulii
356 1970 473 2044 cultros,
488 1970 675 2047 tepidumque
689 1988 820 2027 cmorem

108 2049 275 2125 Suscipiunt
289 2049 404 2124 pateris.
448 2048 516 2123 lpse
531 2046 711 2117 atriyelleris
725 2067 829 2121 agnam

105 2128 217 2184 AEneas
232 2128 315 2184 matri
329 2126 539 2198 Eumenidum,
551 2143 723 2199 magnaeque
737 2127 835 2199 sorori,

105 2205 188 2263 Ense
202 2206 283 2275 serit;
305 2204 490 2277 sterilemque
504 2202 566 2275 tibi,
581 2201 763 2279 Proserpina,
778 2222 906 2261 vaccam.
954 2209 961 2220 '

106 2282 184 2339 Tum
200 2283 300 2357 Stygio
315 2281 374 2355 regi
388 2288 544 2337 nocturnas
558 2280 677 2338 inchoat
691 2299 762 2354 aras,

106 2360 148 2418 Et
161 2360 252 2416 solida
265 2359 388 2434 imponit
401 2368 546 2416 taurorum
560 2358 672 2416 viscera
685 2358 817 2433 flammis,

105 2437 218 2513 Pingue
234 2434 321 2513 super
334 2437 430 2494 oleum
444 2437 600 2494 infundens
614 2437 780 2495 ardentibus
795 2437 880 2495 extis.

147 2517 229 2575 Ecce
244 2525 350 2591 autem,
364 2516 449 2592 primi
463 2515 516 2574 sub
530 2516 641 2573 lumina
654 2516 722 2575 solis
736 2525 765 2574 et
775 2524 864 2591 ortus,

107 2595 167 2655 Sub
181 2596 303 2672 pedibus
318 2595 430 2670 mugire
445 2594 547 2667 solum,
563 2603 592 2653 et
601 2597 674 2673 juga
687 2602 783 2672 coepta
796 2594 905 2652 moveri

107 2674 261 2748 Silvarum,
275 2675 403 2750 visaeque
417 2693 504 2732 canes
517 2674 628 2732 ululare
641 2694 693 2751 per
706 2674 846 2747 umbram,

105 2754 289 2811 Adventante
303 2754 366 2811 dei.
408 2753 524 2827 Procul,
540 2773 567 2827 o,
581 2753 680 2830 procul
695 2762 765 2828 este,
779 2751 900 2829 profani,

106 2831 278 2890 Conclamat
290 2841 380 2906 vates,
395 2840 513 2906 totoque
528 2832 655 2889 absistite
669 2832 744 2889 luco.
954 2844 962 2858 ·

105 2909 210 2984 Tuque
224 2910 328 2966 invade
342 2911 428 2983 viam,
443 2911 606 2985 vaginaque
620 2909 700 2984 eripe
713 2909 840 2966 serrum:

104 2987 136 3045 N
137 3007 194 3044 unc
209 2987 311 3043 animis
325 3005 407 3063 opus,
422 2988 528 3061 AEnes,
543 3004 620 3043 nunc
634 2995 750 3062 pectore
764 2987 856 3045 firmo.

105 3062 235 3121 Tantum
250 3064 344 3137 effata,
358 3063 457 3121 furens
472 3074 552 3122 antro
567 3084 598 3122 se
611 3065 731 3122 immisit
745 3073 859 3141 aperto:

107 3142 160 3199 Ille
175 3143 277 3201 ducem
291 3141 369 3199 haud
383 3141 490 3199 timidis
504 3144 659 3200 vadentem
673 3144 804 3220 passibus
819 3151 923 3220 oequat.

145 3219 185 3278 Di
200 3220 305 3297 quibus
318 3220 472 3297 imperium
487 3230 531 3279 est
545 3222 715 3295 animarum,
729 3220 898 3299 umbraeque
911 3220 1041 3298 edentes,

106 3299 148 3357 Et
161 3300 268 3373 Chaos,
284 3308 313 3357 et
327 3298 520 3374 Phlegethon,
534 3299 600 3356 loca
613 3309 698 3357 nocte
712 3300 837 3358 tacentia
850 3296 918 3377 late,
1031 3307 1101 3362 265

108 3378 152 3437 Sit
165 3379 237 3436 mihi
250 3377 292 3436 ias
307 3378 404 3436 audita
416 3378 506 3454 loqui,
521 3378 557 3435 sit
570 3379 689 3435 numine
702 3386 797 3435 vestro
855 3436 866 3453 ‚

106 3457 238 3515 Pandere
252 3476 297 3514 res
312 3456 368 3514 altri
382 3457 457 3515 terris
471 3465 499 3514 et
513 3456 635 3531 caligine
649 3476 766 3515 mersas.

107 3535 193 3593 Ibant
206 3535 320 3594 obscuri
332 3535 393 3593 soli
408 3536 460 3593 sub
474 3544 559 3593 nocte
573 3553 625 3611 per
637 3536 779 3611 umbram,

105 3613 220 3689 Perque
234 3615 334 3677 domos
348 3615 425 3672 Ditis
440 3633 545 3672 vacuas
558 3622 588 3671 et
600 3614 697 3672 inania
709 3633 814 3689 regna:

108 3690 203 3762 Quale
216 3694 420 3770 perincertum
433 3694 532 3752 lunam
546 3691 600 3751 sub
614 3692 679 3753 luce
693 3693 819 3769 maligni
976 3712 985 3723 ·
1031 3696 1101 3757 2¹10
