2400 4178
493 187 609 248 unua
622 188 674 246 111.

10 345 17 349 ”
93 333 243 411 Conspexi
256 333 440 397 venientem:
461 333 530 399 huic
543 355 601 412 me,
614 353 807 412 quaecumque
820 335 932 413 suimet,

93 412 222 471 Addixi:
244 410 312 472 satis
325 421 372 472 ert
381 422 499 490 gentem
512 413 648 490 effugisse
661 413 824 477 nefandam·
880 461 882 465 .

93 489 157 548 Vos
173 491 298 550 animam
311 491 387 550 hanc
399 487 496 569 potius
510 511 693 570 quocumque
707 492 851 554 absumite
863 492 932 552 leto.

133 568 195 626 Vix
209 586 245 626 ea
256 568 331 628 latus
345 577 415 646 erat,
429 589 543 629 summo
556 590 646 648 quum
660 578 757 629 monte
768 571 903 630 videmus
1019 570 1078 631 666
1089 590 1101 607 ·

95 645 195 722 Ipsum
209 647 285 705 inter
296 648 424 724 pecudes
437 648 518 707 vasta
532 667 563 708 se
577 648 654 708 mole
667 657 832 709 moventem
1028 654 1032 659 '

94 723 244 782 Pastorem
258 725 485 804 Polyphemum,
500 736 530 784 et
542 726 637 802 littora
649 735 719 785 nota
731 735 898 804 petentem;
1012 756 1017 769 x

93 801 259 860 Monstrum
269 803 454 880 horrendum,
465 803 597 880 informe,
609 806 721 881 ingens,
733 805 781 863 cui
790 806 889 868 lumen
900 805 1077 882 ademptum.

93 879 212 937 Trunca
225 900 312 938 manu
326 882 413 959 pinus
426 882 499 957 regit
510 890 541 940 et
553 883 675 957 vestigia
687 883 789 942 firmat.

95 956 245 1033 Lanigerae
260 960 432 1018 comitantur
446 978 534 1032 oves3
557 979 593 1018 ea
604 960 667 1019 sola
678 947 821 1037 voluptias,
875 1001 877 1004 ψ
1019 964 1078 1020 660

96 1035 292 1113 Solamenque
305 1036 383 1094 mali.

95 1114 258 1189 Postquam
266 1115 339 1172 altos
352 1114 447 1189 tetigit
458 1113 573 1189 fluctus,
587 1122 617 1174 et
630 1115 667 1174 ad
681 1133 796 1193 aequora
807 1116 898 1192 yenit,

96 1192 228 1250 Luminis
242 1191 340 1249 effossi
352 1191 475 1250 fluidum
488 1191 558 1250 lavit
571 1193 640 1250 inde
654 1211 795 1270 eruorem,
1057 1251 1060 1258 .

96 1269 242 1328 Dentibus
255 1269 422 1328 infrendens
435 1270 543 1345 gemitu
554 1290 562 1343 ;
584 1257 766 1360 graditur‘qup
779 1291 831 1348 per
844 1291 942 1348 aequor
976 1289 981 1298 ·
1092 1302 1094 1306 ⁷

93 1347 112 1404 J
114 1367 160 1405 am
174 1347 311 1425 medium,
326 1349 451 1406 necdum
465 1347 568 1407 fluctus
582 1348 672 1405 latera
684 1349 773 1407 ardua
786 1350 881 1409 tinxit.
953 1388 956 1394 ·
1020 1352 1079 1408 666

95 1426 128 1484 N
129 1445 160 1484 os
173 1426 273 1502 procul
287 1426 355 1485 inde
369 1426 465 1502 fugam
479 1426 583 1504 trepidi
597 1424 731 1503 celerare,
746 1435 863 1506 recepto

97 1504 244 1580 Supplice,
260 1505 302 1564 sio
316 1506 437 1578 merito;
458 1505 594 1580 tacitique
608 1504 736 1568 incidere
750 1505 850 1565 funem
862 1526 887 1564 2·

97 1583 248 1639 Verrimus
261 1591 292 1641 et
304 1584 387 1660 proni
401 1583 576 1643 certantibus
591 1602 705 1660 equora
717 1584 814 1643 remis.
872 1616 882 1630 ι

95 1660 205 1733 Sensit,
220 1668 250 1716 et
263 1661 297 1717 ad
312 1661 439 1719 sonitum
451 1662 532 1718 vocis
545 1662 667 1736 vestigia
678 1663 768 1721 torsit.

97 1734 220 1811 verum,
234 1736 285 1794 ubi
298 1738 378 1795 nulla
391 1738 473 1795 datur
486 1739 591 1797 dextri
605 1738 738 1798 affectare
751 1749 888 1816 potestas,
1020 1739 1080 1795 67⁰

97 1815 164 1873 Nec
178 1814 253 1891 potis
268 1814 366 1873 Ionios
378 1814 482 1873 fluetus
497 1833 611 1889 aequare
625 1817 783 1890 sequendo,

96 1892 264 1951 Clamorem
277 1892 451 1951 immensum
464 1892 547 1966 tollit,
562 1890 621 1968 quo'
631 1901 736 1968 pontus
750 1902 779 1952 et
792 1912 893 1952 omnes

99 1968 277 2029 Intremuere
291 1972 385 2046 undae,
400 1966 575 2048 penitusque
589 1971 725 2045 exterrita
738 1972 823 2031 tellus

98 2049 200 2124 Italiae,
215 2049 366 2126 curvisque
379 2048 524 2126 immugiit
536 2048 628 2111 AEtna
641 2045 779 2109 cavernis.

98 2129 138 2186 At
151 2147 244 2203 genus
258 2146 275 2186 e
289 2128 369 2205 silvis
383 2127 544 2205 Cyclopum
559 2134 589 2185 et
601 2128 747 2187 montibus
761 2129 825 2188 altis
885 2178 887 2181 .
911 2193 916 2201 ,
983 2154 985 2156 ·
1021 2128 1080 2185 675

99 2205 237 2282 Excitum
251 2207 306 2264 ruit
320 2208 357 2264 ad
368 2214 476 2284 portus,
489 2214 522 2264 et
534 2207 628 2265 littora
641 2208 795 2284 complent.

99 2283 252 2342 Cernimus
266 2284 410 2343 adstantes
423 2285 617 2362 nequidquam
632 2285 741 2344 lumine
755 2294 835 2344 torvo

99 2361 231 2419 AEtnaeos
244 2362 353 2437 fratres,
368 2363 441 2422 coelo
455 2364 550 2441 capita
564 2362 621 2420 alta
633 2363 767 2439 serentes,

98 2439 264 2496 Concilium
276 2439 471 2498 horrendum:
493 2441 592 2516 quales
606 2459 695 2514 quum
709 2438 909 2514 vertice'oelso
1007 2445 1009 2448 ‘

99 2517 196 2573 Aeriae
210 2535 331 2592 quercus
345 2527 395 2575 aut
408 2517 542 2575 coniferae
556 2518 694 2593 cyparissi
1023 2518 1081 2572 680
1169 2574 1176 2585 ,

98 2594 306 2669 Constiterant,
321 2594 394 2651 silva
407 2594 465 2651 alta
476 2595 567 2666 Jovis,
580 2594 700 2652 lucusve
714 2595 829 2652 Dianae.

99 2673 268 2749 Praecipites
282 2680 374 2730 metus
389 2690 455 2729 acer
468 2671 527 2746 agit
538 2667 720 2748 qudcumque
734 2673 869 2730 rudentes
891 2676 893 2681 '

100 2753 259 2825 Excutere,
273 2758 303 2808 et
315 2750 410 2808 ventis
423 2749 574 2807 intendere
587 2748 654 2806 vela
667 2748 810 2807 secundis.

98 2828 218 2906 Contra,
229 2832 311 2909 jussa
325 2836 444 2887 monent
456 2828 566 2885 Heleni
581 2827 708 2904 Scyllam
723 2836 807 2904 atque
822 2822 1000 2903 Charybdim
1033 2836 1036 2841 ’

101 2911 189 2985 Inter,
203 2917 354 2985 utramque
367 2900 447 2966 viani
458 2907 510 2965 leti
523 2905 688 2966 discrimine
701 2925 800 2983 parvo,
1024 2904 1083 2960 686

99 2989 141 3048 Ni
156 2996 274 3056 teneant
286 3005 407 3047 cursus:
429 2994 539 3046 certum
553 2994 596 3044 est
610 2985 677 3043 dare
691 2985 781 3055 lintea
793 2991 877 3043 retro.
1169 2987 1172 2995 ’

101 3058 183 3126 Ecce
198 3076 294 3125 autem
308 3067 418 3125 Boreas
433 3065 554 3140 angusti
569 3063 604 3122 ab
619 3065 688 3135 sede
701 3064 799 3122 Pelori

101 3146 211 3204 Missus
226 3145 326 3204 adest:
347 3146 414 3204 vivo
428 3142 624 3222 praetervehor
638 3143 712 3201 ostia
725 3161 795 3201 saxo

101 3223 259 3300 Pantagiae,
273 3224 468 3300 Megarosque
481 3223 571 3298 sinus,
587 3220 798 3299 Thapsumque
807 3222 964 3300 jacentem.

101 3302 185 3359 Talia
198 3300 373 3363 monstrabat
385 3304 517 3378 relegens
532 3309 624 3359 errata
637 3308 791 3359 retrorsum
1024 3298 1083 3353 690

102 3380 213 3442 Litora
226 3379 453 3454 Achemenides,
467 3399 565 3439 comes
578 3379 702 3438 infelicis
715 3377 843 3455 Ulyssei.

143 3457 259 3517 Sicanio
272 3465 412 3534 praetenta
425 3458 489 3517 sinu
497 3461 578 3537 jacet
591 3457 685 3517 insula
698 3465 798 3516 contra

103 3536 314 3611 Plemmyrium
327 3535 491 3595 undosum:
513 3556 622 3594 nomen
636 3534 736 3594 dixere
750 3535 857 3610 priores

104 3614 262 3691 Ortygiam.
304 3613 451 3691 Alpheum
465 3612 540 3671 fama
554 3623 598 3673 est
610 3615 669 3672 huc
682 3613 777 3681 Elidis
792 3629 908 3670 amnem

103 3693 239 3754 Occultas
253 3691 348 3768 egisse
361 3692 424 3750 vias
438 3691 536 3750 subter
549 3712 646 3768 mare3
669 3693 718 3770 qui
733 3710 809 3750 nunc
892 3718 894 3723 v
1027 3687 1086 3742 695
