2400 4178
120 204 159 265 98
529 200 713 257 AEn'nmos

124 352 218 411 Instar
230 350 337 411 montis
350 368 467 427 equum,
481 350 580 407 divini
594 346 721 409 Palladis
735 358 805 427 arte,

121 430 291 505 AEdilicant,
305 430 442 505 nectique
456 428 589 487 intexunt
603 428 698 487 abiete
711 438 821 488 costus:

121 508 232 567 Votum
267 526 298 565 ro
311 506 405 565 reditu
418 506 573 579 simulaut;
595 526 630 563 ca
643 506 719 565 sarna
731 516 859 585 tumtur.

121 586 190 646 Huc
203 528 317 645 dciincta
329 584 423 643 sinim
437 585 528 643 sortiti
541 604 661 661 corpora
673 585 770 644 furtim

121 663 277 723 lucludunt
289 682 367 721 ceco
380 663 472 737 lateri,
486 660 658 741 penitusque
673 682 810 723 cavernas

120 742 268 817 Ingentes,
282 750 463 819 uterumquc5
478 752 585 799 armato
599 742 690 801 milite
703 762 769 801 com
790 742 861 803 leut-

158 821 215 879 Est
227 822 258 878 in
272 830 432 897 conspectu
446 820 593 895 Tenedos,
608 820 757 881 notissima
769 762 846 881 imi

120 896 228 972 lnsula,
243 897 325 957 dives
340 917 439 974 opum,
453 898 560 957 Priami
576 900 644 956 dum
658 919 747 976 regna
759 899 934 977 manebtut3

117 977 149 1034 N
150 996 206 1035 unc
220 974 332 1036 tantum
346 977 435 1051 sinus,
450 988 480 1035 ct
493 978 577 1036 statio
591 975 666 1036 malai
681 979 740 1036 lida
752 978 877 1037 carinis:

118 1055 186 1114 Huc
199 1076 232 1115 sc
245 1055 374 1133 provecti
387 1056 501 1116 deserto
515 1057 545 1115 in
560 1056 655 1114 littore
667 1058 803 1116 condunt.

116 1133 182 1193 Nos
196 1134 301 1193 abiisse
315 1134 378 1209 rati,
392 1143 422 1193 et
435 1144 522 1191 rento
534 1134 653 1211 petiisse
667 1136 818 1213 Mycenas.

116 1211 196 1289 Ergo
210 1214 304 1271 omnis
317 1212 404 1289 longo
418 1213 504 1271 solvit
517 1232 549 1271 sc
562 1213 688 1271 Teucria
701 1214 800 1273 luctu:

115 1290 287 1350 Panduntur
298 1300 398 1368 portae,
408 1294 491 1370 jurat
505 1292 556 1366 ire,
571 1300 601 1350 et
613 1292 722 1351 Dorica
734 1300 851 1365 casn-n·

116 1369 312 1447 Desertosque
326 1369 424 1428 videre
439 1371 528 1445 locos,
542 1371 678 1446 littusque
693 1372 834 1429 relictum.

116 1446 175 1505 Hic
190 1449 338 1525 Dolopum
353 1466 464 1522 manus,
479 1448 527 1505 nic
542 1468 635 1505 sacrus
649 1448 786 1507 tendebat
798 1446 949 1523 Achillen

115 1526 265 1585 Glassibus
279 1525 327 1583 hic
342 1523 441 1597 locus;
462 1526 510 1583 hic
526 1526 587 1583 acic
601 1534 711 1583 certare
725 1526 865 1585 solebant.

114 1602 185 1662 Pars
199 1611 296 1681 stupet
308 1604 437 1681 innupte
452 1603 561 1661 donum
574 1604 691 1663 exitiale
708 1605 861 1682 Minervae,

114 1680 156 1740 Et
169 1681 276 1741 molem
289 1680 428 1741 mirantur
440 1682 526 1759 equi:
547 1683 714 1762 primusque
728 1683 902 1761 Thymiates

114 1760 192 1819 Duci
205 1762 280 1821 intra
292 1780 389 1820 muros
403 1761 540 1837 hortatur,
555 1770 585 1820 et
594 1782 660 1821 arce
673 1763 761 1821 locari
772 1782 781 1836 3

115 1838 184 1897 Sive
198 1841 275 1917 dolo,
290 1860 341 1900 seu
347 1843 410 1920 jam
424 1841 521 1920 Trojae
536 1841 577 1900 sic
591 1841 649 1900 sata
661 1842 799 1901 serebant

113 1919 154 1976 At
167 1920 275 1997 Capys,
289 1928 320 1978 et
332 1940 453 1997 quorum
467 1920 569 1979 melior
582 1922 727 1979 sententia
740 1919 841 1994 menti,

112 1997 174 2056 Aut
186 1999 290 2076 pelago
304 1999 439 2057 Danairm
453 1999 572 2057 insidias
585 2018 690 2076 suspec
739 2018 777 2056 ue
791 1999 869 2056 dona

112 2075 299 2154 Praecipitare
308 2077 422 2154 jubent,
438 2075 611 2153 subjectisve
626 2095 708 2134 urere
743 2076 865 2148 ammis;

112 2156 173 2213 Aut
186 2155 329 2213 terebrare
342 2172 428 2211 cavas
441 2154 516 2211 uteri
530 2162 683 2212 attentare
697 2152 830 2211 latebras.

113 2232 260 2291 Scinditur
272 2233 414 2290 incertum
428 2231 522 2290 studia
535 2231 566 2289 in
579 2232 721 2292 contraria
733 2230 845 2307 vulgus.

151 2310 266 2369 Primus
278 2309 320 2367 ibi
333 2318 400 2367 ante
414 2329 524 2386 omnes,
540 2312 646 2385 magni
659 2312 814 2369 comitante
826 2312 955 2391 catervi,

111 2388 246 2447 Laocoon
262 2388 365 2447 ardens
379 2389 492 2447 summit
507 2389 631 2447 decurrit
644 2389 680 2447 ab
695 2409 777 2464 arce;

111 2466 152 2525 Et
160 2466 277 2544 procul:
300 2465 327 2524 0
342 2468 448 2543 miseri,
463 2488 528 2545 qnae
542 2476 621 2527 tanta
633 2468 753 2540 insania,
769 2468 870 2527 cives?

109 2544 237 2605 Creditis
251 2556 366 2605 avectos
380 2547 501 2606 hostes?
524 2555 572 2606 aut
584 2547 644 2606 ulla
656 2548 763 2626 putatis

109 2624 196 2682 Dona
209 2644 306 2685 carere
319 2625 393 2685 dolis
406 2626 565 2685 Danaum?
586 2627 628 2686 sic
642 2636 727 2688 notus
740 2626 883 2704 Ulysses?
954 2697 957 2703 ,

109 2704 170 2763 Aut
183 2705 240 2764 hoc
253 2704 357 2765 inclusi
370 2706 449 2783 ligno
463 2707 644 2765 occultantur
656 2706 782 2780 Achivi3

108 2785 169 2842 Aut
182 2783 246 2843 liaec
259 2785 290 2842 in
304 2794 415 2843 nostros
428 2784 567 2844 fabricata
581 2794 625 2843 est
637 2785 773 2842 machina
786 2800 894 2859 muros,

109 2861 279 2939 Inspectum
292 2864 403 2937 domos,
417 2872 595 2939 venturaque
608 2863 733 2938 desuper
745 2860 828 2935 urbi3

107 2942 169 2999 Aut
182 2940 285 3016 aliquis
298 2940 369 2998 latet
383 2958 476 2998 error:
499 2960 574 3017 equo
588 2958 626 2997 ue
640 2939 764 3013 credite,
774 2937 892 2996 Teucri.

109 3018 260 3093 Quidquid
273 3018 303 3075 id
317 3025 371 3091 est,
384 3018 474 3075 timeo
488 3018 605 3075 Danaos
620 3025 649 3075 et
663 3018 739 3075 dona
752 3017 886 3076 serentes.

109 3096 158 3154 Sic
172 3095 256 3170 satus,
270 3095 373 3153 validis
387 3095 535 3171 ingentem
548 3096 656 3154 viribus
670 3096 782 3154 hastam

108 3174 143 3232 In
157 3174 231 3233 latus
245 3175 332 3251 inque
345 3173 398 3232 ieri
411 3193 528 3232 curvam
543 3174 729 3251 compagibus
743 3173 840 3232 alvum

107 3253 272 3313 contorsit:
294 3253 374 3311 stetit
386 3252 437 3310 illa
449 3260 585 3328 tremens,
600 3261 739 3330 uteroque
753 3272 871 3312 recusso

107 3331 267 3392 Insonuere
280 3351 359 3391 cavae
372 3331 570 3410 gemitumque
584 3328 691 3391 deddre
705 3350 844 3391 cavemae.

106 3412 157 3488 Et,
172 3412 197 3470 si
210 3412 268 3471 sata
281 3410 378 3487 deum,
392 3409 417 3468 si
431 3429 513 3468 mens
527 3430 584 3469 non
598 3410 672 3468 laeva
684 3410 794 3487 fuisset,

106 3490 265 3568 Impulerat
278 3490 352 3549 ferro
366 3489 516 3565 Argolicas
529 3489 637 3548 ioedure
651 3490 791 3549 latebras:

105 3570 262 3647 Tro'aque,
276 3588 355 3627 nuno
368 3576 475 3641 stares;
497 3567 662 3645 Priamique
676 3589 727 3627 arx
741 3569 808 3645 alta,
822 3586 968 3631 manera.

146 3591 229 3707 Ficce
242 3667 344 3708 manus
354 3650 495 3727 juvenem
508 3646 618 3705 interea
630 3656 697 3725 post
706 3657 787 3724 terga
800 3646 965 3711 revinctum
996 3722 1001 3729 Ι

105 3726 240 3785 Pastores
252 3745 357 3803 magno
372 3729 408 3785 ad
422 3745 519 3803 regem
534 3726 658 3787 clamore
672 3726 824 3787 trahebant
