2400 4178
498 193 612 250 LIBER
630 194 679 249 IX.

107 338 248 403 Debilitat
259 343 334 403 vires
348 342 445 421 animi,
460 352 606 421 mutatque
618 345 762 421 vigorem,

108 422 252 481 Canitiem
264 423 346 499 galei
358 423 530 500 premimus,
552 442 722 501 semperque
736 432 866 483 recentes

108 501 293 578 Comportare
302 504 385 580 justat
396 503 516 581 praedas,
530 511 560 561 et
571 504 668 562 vivere
682 511 770 579 rapto.
864 523 877 553 .’
902 572 904 577 Ι
936 537 945 544 --
985 524 988 529 ·

109 580 201 638 Vobis
213 582 290 658 picta
303 599 386 638 croco
400 587 429 640 et
442 581 563 657 fulgenti
575 582 684 640 murice
697 582 803 655 vestis;

107 658 236 716 Desidiae
251 659 345 732 cordi3
361 662 444 738 juvat
456 661 604 736 indulgere
618 660 749 734 choreis;

109 738 150 795 Et
162 737 267 795 tunicae
281 739 407 797 manicas
421 747 450 797 et
462 739 571 798 habent
583 737 751 798 redimicula
764 739 864 798 mitrae.

109 816 135 874 0
149 815 216 874 verd
231 817 379 894 Phrygiae,
388 819 575 894 neque-enim
589 819 728 895 Phryges,
742 818 782 877 ite
794 837 846 896 per
860 816 916 877 alta

109 895 263 972 Dindyma,
278 896 328 954 ubi
343 898 461 955 assuetis
474 895 595 954 biforem
608 897 657 956 dat
669 897 739 954 tibia
752 905 876 955 centnm.

109 974 259 1051 Tympana
271 995 322 1032 vos
335 975 488 1051 buxusque
501 983 605 1033 vocant
618 975 790 1050 Berecyntia
802 976 898 1034 matris

109 1052 196 1110 Idaeae
209 1073 215 1109 :
238 1053 321 1111 sinite
336 1073 412 1111 arma
424 1053 502 1129 viris,
517 1062 546 1112 et
559 1055 653 1111 cedite
666 1053 748 1110 ferro.

148 1131 231 1188 Talia
240 1133 397 1208 jactantem
411 1133 494 1190 dictis
509 1152 541 1189 ac
555 1132 615 1190 dira
628 1138 779 1190 canentem
815 1159 817 1163 ·

107 1209 178 1266 Non
192 1209 257 1267 tulit
269 1209 429 1284 Ascanius,
450 1229 595 1286 nervoque
611 1210 746 1268 obversus
760 1210 865 1287 equino

110 1287 237 1357 Intendit
249 1288 347 1364 telum,
362 1289 530 1365 diversaque
543 1289 660 1358 brachia
672 1290 781 1346 ducens

109 1367 254 1442 Constitit,
269 1364 336 1425 antd
350 1367 452 1426 Jovem
467 1367 588 1445 supplex
600 1385 652 1444 per
664 1376 731 1426 vota
743 1375 891 1444 precatus:

105 1445 221 1522 Jupiter
233 1447 425 1523 omnipotens,
440 1447 595 1505 audacibus
610 1464 704 1504 annue
717 1445 834 1523 creptis:

110 1525 176 1600 lpse
190 1525 242 1583 tibi
256 1525 290 1582 ad
304 1534 353 1584 tua
366 1526 472 1603 templa
485 1527 573 1585 leram
587 1525 726 1584 solemnia
738 1527 831 1599 dona;

109 1604 150 1662 Et
163 1612 284 1662 statuam
298 1613 364 1663 ante
378 1625 439 1663 aras
453 1606 549 1664 aurati
562 1605 655 1662 fronte
664 1607 823 1682 juvencum

107 1682 298 1758 Gaudentem,
312 1683 472 1761 pariterque
486 1693 572 1760 caput
585 1703 651 1741 cum
665 1690 754 1741 matre
767 1683 915 1756 serentem,

110 1760 191 1834 [Jam
205 1780 293 1818 cornu
305 1771 385 1839 petat
398 1770 427 1821 et
439 1762 560 1840 pedibus
574 1762 623 1839 qui
637 1770 749 1838 spargat
762 1760 902 1837 arenam]
980 1839 982 1842 y
1028 1793 1031 1799 -
1048 1784 1052 1791 ·

107 1832 209 1898 Audiit
222 1848 252 1898 et
265 1840 330 1897 coeli
343 1841 454 1916 genitor
463 1843 503 1899 de
516 1849 596 1918 parte
610 1841 712 1898 sereni

110 1918 238 1977 Intonuit
250 1914 375 1976 laevirm:
397 1927 479 1978 sonat
491 1920 549 1977 uni
562 1918 654 1977 fatifer
669 1937 757 1976 arcus.

109 1997 221 2074 Effugit
234 1995 407 2056 horrendirm
421 1999 543 2057 stridens
557 1998 680 2056 adducta
692 1998 802 2074 sagitta,

109 2078 223 2154 Perque
236 2084 323 2154 caput
334 2078 454 2137 Remuli
466 2079 555 2153 venit,
570 2084 599 2135 et
612 2095 682 2134 cava
695 2084 824 2154 tempora
835 2076 909 2135 ferro

107 2157 236 2235 Trajicit
278 2156 302 2230 1,
316 2157 410 2221 verbis
423 2158 557 2217 virtutem
569 2156 658 2214 illude
673 2156 809 2233 superbis.
1012 2228 1016 2235 .

108 2236 160 2293 Bis
174 2234 250 2314 capti
264 2236 393 2312 Phryges
405 2237 470 2295 haec
483 2235 600 2295 Rutulis
613 2254 750 2312 responsa
762 2235 928 2294 remittunt:

109 2314 176 2371 Hoc
189 2311 300 2372 tantirm
314 2317 465 2374 Ascanius.
508 2315 614 2374 Teucri
629 2315 752 2372 clamore
767 2321 932 2391 sequuntur,

110 2393 280 2468 Laetitiique
293 2392 427 2471 fremunt,
442 2395 607 2470 animosque
622 2395 657 2451 ad
671 2394 764 2451 sidera
777 2394 888 2451 tollunt

150 2471 283 2528 AEtheriri
295 2477 355 2527 tum
371 2470 441 2530 sorte
456 2473 540 2549 plagi
554 2472 672 2530 crinitus
686 2472 792 2547 Apollo

109 2548 245 2624 Desuper
259 2549 401 2606 Ausonias
414 2551 491 2607 scies
505 2550 663 2625 urbemque
676 2549 801 2625 videbat,

111 2625 199 2685 Nube
213 2626 335 2699 sedens3
357 2633 442 2702 atque
455 2626 501 2686 his
514 2629 651 2685 victorem
665 2627 766 2684 affatur
780 2628 895 2685 Iiilum:

112 2705 209 2763 Macte
223 2704 298 2762 novi
311 2705 426 2781 virtute,
440 2725 526 2783 puer,
548 2706 590 2764 sic
604 2705 660 2763 itur
674 2706 709 2762 ad
723 2713 805 2780 astra,

109 2782 166 2842 Dis
179 2784 284 2861 genite,
300 2793 329 2842 et
342 2785 470 2858 geniture
485 2785 554 2857 deos
565 2787 581 2842 τ’
590 2786 656 2862 jure
669 2783 766 2841 omnia
777 2783 862 2843 bella

111 2866 207 2922 Gente
221 2863 273 2922 sub
287 2864 421 2922 Assaraci
434 2864 492 2923 lato
504 2871 624 2922 ventura
636 2862 780 2921 resident:
935 2861 941 2907 1'

111 2944 141 3002 N
143 2963 177 3001 ec
192 2951 220 3002 te
234 2943 322 3021 Troja
335 2943 419 3020 capit
460 2942 553 3002 Simul
566 2943 630 3001 haec
645 2942 756 3018 effatus,
771 2941 807 3001 ab
821 2942 878 3001 alto
952 2960 955 2964 ’

111 3024 232 3082 AEthere
247 3041 278 3081 se
292 3021 387 3097 mittit,
401 3023 539 3100 spirantes
553 3023 680 3081 dimovet
693 3040 784 3098 auras,

110 3103 325 3179 Ascaniumque
338 3102 428 3179 petit:
450 3102 570 3161 sormam
584 3109 645 3160 tum
656 3101 845 3179 vertituroris

110 3183 272 3256 Antiquum
285 3182 315 3239 in
329 3182 435 3241 Buten.
476 3182 535 3240 Hic
550 3179 694 3238 Dardanio
709 3179 846 3239 Ancbisae

113 3261 247 3334 Armiger
260 3255 326 3317 ante
340 3259 403 3335 fuit,
416 3261 547 3338 fidusque
561 3260 598 3318 ad
609 3259 710 3317 limina
723 3268 817 3330 custos
827 3274 839 3333 ς’
878 3264 881 3271 “

110 3337 191 3395 Turn
206 3337 341 3396 comitem
353 3339 478 3398 Ascanio
491 3348 575 3417 pater.
584 3338 700 3396 addidit
742 3338 807 3397 lbat
818 3333 923 3415 Apollo

112 3414 221 3474 Omnia
232 3416 365 3491 longaevo
378 3417 488 3493 similis,
501 3435 670 3495 vocemque,
685 3416 877 3493 coloremque,

115 3495 157 3553 Et
169 3493 262 3552 crines
276 3493 365 3570 albos,
380 3503 410 3553 et
422 3514 499 3555 saeva
511 3496 661 3556 sonoribus
675 3513 775 3569 orma3
792 3531 793 3536 κ

116 3576 213 3650 Atque
225 3573 271 3631 bis
285 3572 434 3632 ardentem
446 3575 528 3635 dictis
542 3574 642 3634 affatur
655 3572 771 3632 Iiilum:

114 3653 162 3711 Sit
175 3653 252 3727 satis,
265 3652 408 3728 AEneoda,
421 3652 487 3712 telis
499 3650 616 3731 impune
630 3652 797 3711 Numanum

113 3730 281 3810 oppetiisse
294 3731 369 3791 tuis:
390 3732 512 3809 primam
524 3731 600 3790 banc
613 3730 666 3792 tibi
679 3748 798 3807 magnus
811 3725 925 3806 Apollo,
1004 3767 1009 3779 .
