2400 4178
464 140 731 261 ''umnam

110 341 300 401 'b'mnsversas
315 336 422 398 salices
432 345 464 398 et
474 338 593 415 grandia
605 339 719 418 confice
732 358 822 414 saxa3

110 419 252 478 Pontibus
265 426 297 476 ut
311 417 417 476 crebris
429 417 542 494 possint
554 417 722 493 consistere,
736 419 837 477 etuias

110 497 243 556 Pandere
257 498 294 555 ad
308 497 439 554 aestivum
453 496 555 571 solem,
569 496 594 554 si
606 493 680 555 forte
694 505 838 557 morantes

112 575 259 651 sparserit,
275 583 324 635 aut
334 593 464 652 preceps
477 575 619 652 Neptuno
632 576 804 636 immerserit
817 594 917 637 eurus·

111 654 192 714 Haeo
199 654 307 712 circum
320 653 405 713 casiae
419 653 536 729 virides,
550 661 580 712 et
589 653 697 712 olentia
709 650 770 717 late

112 732 251 809 Serpylla,
266 740 295 791 et
308 732 432 808 graviter
444 732 577 808 spirantis
591 732 674 809 copia
687 732 829 808 thymbrae

110 812 245 884 Floreat}
266 811 460 887 irriguumque
473 810 575 868 bibant
585 810 705 869 violaria
717 811 834 870 sontem.
904 854 906 859 -

151 891 219 966 lpse
233 897 338 965 autem,
352 907 404 947 seu
419 888 574 946 corticibus
587 888 641 947 tibi
654 897 718 947 suta
730 890 847 966 cavatis,

111 969 170 1027 Seu
183 966 262 1026 lento
276 967 384 1025 fuerint
397 966 521 1026 alvearia
532 966 641 1024 vimine
654 974 744 1043 texta,

110 1048 258 1121 Angustos
271 1045 398 1103 habeant
413 1045 523 1102 aditus:
545 1063 612 1102 nam
626 1044 730 1119 frigore
743 1045 831 1104 mella

111 1124 197 1199 Cogit
210 1123 313 1198 hiems,
328 1123 487 1198 eademque
501 1122 577 1180 calor
591 1122 746 1197 liquefacta
759 1123 885 1183 remittit

67 1201 70 1204 ’
112 1201 243 1277 Utraque
256 1202 301 1258 vis
315 1200 415 1277 apibus
429 1200 535 1276 pariter
547 1202 720 1259 metuenda-r
741 1220 837 1279 neque
849 1201 908 1260 illae
1016 1236 1026 1251 ε

110 1279 317 1356 Nequidquam
330 1279 360 1335 in
375 1278 457 1335 tectis
472 1279 600 1336 certatim
614 1280 712 1336 tenuia
726 1281 794 1338 ceri

113 1358 293 1434 spiramenta
306 1356 411 1431 linunt,
427 1355 551 1431 fucoque
566 1364 595 1414 et
607 1356 726 1415 floribus
740 1377 803 1416 oras
858 1402 860 1406 >

110 1436 251 1512 Explent,
265 1434 476 1510 collectumque
490 1434 555 1492 haec
568 1436 631 1512 ipsa
645 1436 681 1492 ad
694 1455 815 1494 munera
827 1435 926 1511 gluten

110 1515 152 1572 Et
164 1516 245 1572 visco
260 1522 289 1572 et
301 1513 436 1589 Phrygiae
452 1521 568 1571 servant
579 1513 646 1589 pice
660 1512 765 1572 lentius
784 1514 853 1573 ldae.

111 1591 197 1670 Saepe
212 1593 299 1650 etiam
314 1591 435 1667 effossis,
450 1591 474 1648 si
487 1610 556 1649 vera
569 1599 614 1649 est
626 1592 711 1668 fama,
725 1593 842 1652 latebris
899 1633 916 1655 .

112 1671 172 1728 Sub
187 1671 260 1728 terri
274 1668 372 1727 fovbre
385 1671 484 1743 larem,
499 1668 672 1747 penitusque
686 1680 807 1748 repertae

110 1749 336 1824 Pumicibusque
350 1748 437 1821 cavis,
446 1765 607 1823 ,exesaeque
623 1748 730 1807 arboris
744 1758 834 1808 anuo.

36 1865 37 1868 η
111 1827 158 1884 Tu
171 1835 268 1885 tamen
283 1845 299 1883 e
312 1826 371 1884 levi
384 1826 490 1884 rimosa
503 1825 609 1883 cubilia
621 1827 691 1883 limo

81 1914 91 1923 ‘
110 1905 197 1981 Unge
211 1905 311 1975 fovens
325 1901 443 1980 circum,
458 1911 487 1961 et
500 1923 577 1962 raras
590 1904 762 1984 seperinjice
775 1904 899 1964 frondes.

108 1983 178 2042 Neu
190 1980 310 2060 propiirs
324 1983 408 2041 tectis
422 1992 521 2041 taxum
534 1983 606 2058 sine,
620 2002 695 2040 neve
709 1983 844 2043 rubentes

109 2062 171 2122 Ure
184 2063 248 2121 foco
263 2075 397 2134 cancros;
420 2061 483 2120 altae
498 2080 556 2118 neu
570 2063 657 2120 crede
666 2062 776 2138 paludi,

108 2143 169 2200 Aut
181 2141 232 2199 ubi
246 2141 316 2198 odor
329 2140 406 2198 coeni
418 2141 523 2216 gravis,
539 2148 587 2198 aut
600 2140 651 2198 ubi
662 2152 792 2198 'concava
804 2141 890 2218 pulsu

110 2221 187 2279 Saxa
200 2226 312 2295 sonant,
326 2220 463 2295 vocisque
477 2218 588 2276 offensa
600 2221 718 2278 resultat
730 2220 835 2296 imago.

149 2300 237 2370 Quod
250 2305 389 2375 superest,
400 2297 451 2355 ubi
464 2298 577 2374 pulsam
591 2297 718 2357 hiemem
734 2299 783 2356 Sol
797 2292 900 2358 aureus
914 2298 973 2374 egit

110 2378 170 2435 Sub
184 2385 281 2452 terras,
297 2376 460 2453 coelumque
473 2376 572 2436 aestivt
582 2375 648 2434 luce
661 2377 787 2452 reclusit,

110 2456 171 2513 lllae
185 2451 322 2513 continub
337 2455 426 2514 saltus
440 2455 582 2530 silvasque
595 2464 755 2532 peragrant,

108 2534 330 2610 Purpureosque
343 2540 456 2590 metunt
467 2532 562 2607 flores,
577 2542 606 2591 et
618 2534 739 2592 flumina
750 2532 841 2592 libant

110 2612 230 2670 Summa
243 2611 332 2668 leves.
374 2610 464 2684 Hine,
478 2611 576 2667 neseio
591 2613 647 2687 qui
661 2611 813 2670 dulcedine
826 2612 913 2686 laetae,

108 2691 283 2766 Progeniem
297 2688 439 2764 nidosque
452 2686 570 2746 fovent:
591 2689 660 2747 hinc
675 2698 734 2747 arte
748 2699 881 2748 recentes

108 2769 269 2828 Excudunt
282 2785 371 2842 ceras,
387 2774 416 2825 et
429 2764 516 2824 mella
528 2767 641 2824 tenacia
654 2767 775 2843 fingunt

147 2848 228 2907 Hinc
241 2847 292 2905 ubi
302 2849 364 2925 jam
379 2845 517 2903 emissum
531 2845 628 2904 caveis
642 2847 678 2904 ad
691 2847 785 2905 sidera
799 2845 866 2904 coeli

69 2971 73 2977 -
107 2928 187 2987 Nare
201 2945 254 3004 per
267 2933 394 2984 sesmtem
408 2923 547 3000 liquidam
561 2926 725 3002 suspexeris
739 2944 853 3001 agmen,

108 3006 328 3082 Obscuramque
340 3002 415 3063 trahi
428 3010 515 3061 vento
530 3003 669 3061 mirabere
682 3003 801 3079 nubem,

107 3083 325 3162 Contemplator
337 3102 346 3156 3
369 3102 457 3159 aquas
471 3081 572 3141 dulces
586 3090 615 3141 et
628 3082 751 3156 frondea
759 3102 873 3160 semper

107 3164 201 3223 Tecta
213 3166 334 3241 petunt:
356 3160 415 3219 huc
428 3169 460 3220 tu
468 3163 566 3239 jussos
581 3180 700 3239 asperge
714 3181 839 3239 sapores,

108 3243 191 3301 Trita
203 3239 396 3319 melisphylla,
411 3248 441 3299 et
454 3239 593 3299 cerinthae
608 3240 735 3316 ignobile
749 3259 889 3316 gramem
948 3291 950 3295 Α

107 3319 302 3397 'linnitusque'
316 3319 372 3394 cie,
387 3327 416 3376 et
428 3318 532 3388 Matris
546 3326 631 3396 quate
645 3319 777 3397 cymbala
790 3316 908 3377 cneum.

109 3398 184 3476 lpsae
199 3399 349 3457 consident
362 3397 512 3456 medicatis
526 3397 661 3471 sedibus;
682 3398 752 3475 ipsae

108 3477 215 3538 Iutima
227 3495 306 3535 more
320 3494 372 3534 suo
386 3485 450 3534 s'ese
462 3475 493 3534 in
510 3476 654 3547 cunabula
667 3477 800 3535 condent

149 3557 200 3615 Sin
215 3554 311 3615 autem
324 3555 360 3611 ad
373 3574 502 3632 pugnam
516 3555 641 3614 exierint
658 3554 740 3632 (nam
755 3550 833 3631 saepe
848 3551 963 3612 duobus

107 3636 239 3711 Regibus
254 3633 374 3692 incessit
387 3651 492 3708 magno
505 3634 650 3692 discordia
663 3632 773 3711 motu),
804 3691 806 3694 Α

107 3710 312 3791 Continuique
328 3711 438 3770 animos
452 3712 530 3788 vulgi
545 3721 575 3771 et
586 3711 760 3790 trepidantia
771 3709 850 3768 bello
