2400 4178
105 230 158 283 ros
406 200 412 209 '
508 224 690 281 sumnus

106 376 262 449 Quondam
277 374 364 433 etlam
376 374 460 433 victis
475 374 549 433 redit
558 375 589 433 in
601 372 761 452 precordia
771 372 864 435 virtus
877 390 887 431 ι

106 456 297 531 Victoresque
310 453 419 511 cadunt
431 454 544 513 Danai:
565 452 690 511 crudelis
703 450 812 545 ubique

107 534 227 607 Luctus,
242 531 347 609 ubique
360 550 459 609 pavor,
475 540 504 589 et
517 530 641 609 plurima
654 530 754 591 mortis
767 550 874 607 tmsgo.

146 612 260 669 Primus
273 630 315 684 se,
329 610 465 667 Danarim
479 610 582 685 maguti
596 609 752 668 comitante
765 610 897 687 catervi,

106 690 277 765 Androgeus
290 686 373 746 offert
387 687 481 761 uobis,
494 688 573 745 socia
586 688 701 763 agmina
713 688 837 747 credens

107 767 235 839 lnscius;
258 775 343 844 atque
357 765 431 824 ultro
444 764 540 825 serbis
553 764 709 843 compellat
722 765 822 824 amicis
832 785 843 841 :¹

106 846 264 919 Festinate,
278 845 349 916 viri;
374 864 440 903 nam
455 862 518 920 quas
533 854 592 902 tam
605 862 670 901 sera
682 850 809 905 moratur

107 923 272 997 Seguities?
294 922 341 981 ulii
355 923 469 999 rapiunt
482 922 600 981 incensa
612 922 764 999 feruntque

106 1000 263 1075 Pergama3
285 1020 336 1058 vos·
351 1001 436 1059 celsis
450 1019 527 1059 nunc
540 998 664 1078 primdm
679 1019 696 1058 a
709 998 832 1059 navibus
845 999 911 1059 itis!

107 1080 199 1154 Dixit,
214 1090 242 1138 ct
256 1079 402 1155 extemplo
417 1080 618 1157 (nequeenim
632 1098 771 1155 responsa
784 1077 928 1139 dabantur

107 1158 181 1215 Fida
195 1156 278 1237 satis)
296 1158 386 1215 sensit
399 1159 510 1215 medios
524 1157 658 1233 delapsus
672 1158 703 1215 iu
717 1156 826 1215 hostes.

107 1235 273 1313 Obstupuit,
289 1245 420 1313 retroque
434 1237 540 1313 pedem
553 1255 619 1294 cum
632 1254 705 1294 voce
718 1235 861 1313 repressit.

107 1314 298 1393 lmpror'isum
314 1316 403 1391 aspris
417 1315 506 1373 veluti
520 1315 569 1391 qui
583 1315 712 1372 sentibus
726 1332 850 1388 anguem

107 1392 216 1453 Pressit
229 1394 309 1452 humi
323 1394 427 1470 nitens,
442 1394 628 1469 trepidusque
642 1390 760 1468 repente
775 1392 882 1471 refugit

106 1472 295 1531 Attolleutem
309 1474 375 1545 iras,
390 1482 419 1530 ct
432 1471 539 1529 caerula
553 1471 628 1528 colla
641 1477 818 1528 tumentem:

107 1550 194 1607 Haud
208 1569 294 1607 secus
308 1550 478 1625 Androgeus
492 1549 554 1605 visu
569 1547 753 1607 tremefactus
767 1548 872 1608 abibat.

107 1628 254 1703 lrruimus,
269 1628 366 1685 densis
379 1637 409 1686 ct
422 1627 680 1685 circumfundimur
691 1627 795 1700 armis;

107 1706 282 1784 lguarosque
296 1706 353 1763 loci
367 1706 474 1782 passim
489 1713 518 1764 et
531 1706 683 1764 formidine
698 1714 797 1781 captos

107 1786 285 1843 Stemimus:
307 1786 431 1863 adspirat
443 1785 537 1862 primo
551 1786 665 1844 fortuna
678 1784 777 1842 labori.
1010 1854 1017 1861 ·

104 1864 202 1939 Atque
216 1864 265 1923 hic
280 1884 417 1922 successu
432 1864 579 1923 exsultans
594 1865 754 1939 animisque
769 1859 921 1938 Coroebus,

105 1940 131 1999 Ο
147 1943 227 2018 socii,
242 1943 299 2020 quei
312 1944 414 2019 prima,
430 1943 532 2019 inquit,
547 1944 660 2001 fortuna
673 1942 772 1999 salutis

104 2020 249 2079 Monstrat
263 2022 324 2095 iter,
340 2023 455 2097 quisquc
470 2022 594 2079 ostendit
608 2039 639 2077 se
654 2021 763 2091 dextra,
778 2037 944 2093 sequamur.

104 2098 254 2156 Mutemus
268 2098 294 2156 cl
336 2118 396 2171 eos,
411 2098 603 2173 Danaumque
618 2096 741 2169 iusignia
754 2094 836 2151 uobis

105 2177 264 2251 Aptemus:
306 2175 379 2250 olus,
394 2194 430 2232 an
444 2174 544 2249 virtus,
559 2175 622 2249 quis
637 2174 666 2229 in
680 2174 762 2229 hoste
777 2172 924 2249 requirat?

104 2254 193 2321 Arma
207 2254 317 2310 dabunt
330 2253 393 2328 ipsi.
437 2251 485 2309 Sic
499 2250 583 2327 fatus,
599 2251 703 2308 deinde
718 2260 881 2309 comantem

103 2331 251 2405 Androgei
266 2330 377 2403 galeam
392 2328 546 2405 clypeique
559 2329 672 2403 insigne
688 2330 825 2387 decorum

105 2408 247 2480 luduitur,
262 2407 399 2484 laterique
414 2407 552 2483 Argivum
569 2408 768 2466 accommodat
781 2427 890 2466 ensem.

105 2486 170 2543 Hoc
184 2484 328 2577 Rhipeus,
343 2485 399 2543 hoc
412 2486 475 2563 ipse
489 2487 610 2562 Dymas,
626 2488 778 2562 omnisque
788 2488 929 2564 juventus

104 2565 187 2622 Laeta
199 2564 276 2639 facit,
291 2564 389 2640 spoliis
403 2584 434 2623 se
449 2565 569 2643 quisque
583 2565 747 2624 recentibus
762 2574 860 2623 armat

104 2642 246 2701 Vadimus
260 2643 385 2702 immixti
400 2644 520 2722 Danais,
535 2645 613 2704 haud
627 2645 747 2703 numine
762 2653 874 2716 nostro;

104 2722 256 2798 Multaque
269 2742 321 2801 per
335 2742 443 2782 caecam
457 2726 603 2801 congressi
616 2725 717 2803 proelia
729 2731 845 2781 noctem

104 2802 309 2876 Conserimus;
331 2802 437 2861 multos
452 2803 587 2860 Dauadm
602 2802 777 2859 demittimus
789 2802 874 2860 Orco.

104 2880 272 2955 Diffugiunt
285 2881 333 2938 alii
348 2881 384 2938 ad
398 2878 496 2955 naves,
512 2890 541 2938 et
554 2881 648 2938 littora
662 2898 747 2936 cursu

104 2958 179 3016 Fida
191 2966 307 3033 petunt;
328 2977 393 3034 pars
407 2958 554 3032 ingentem
568 2957 720 3014 formidine
734 2956 810 3033 turpi
843 3004 851 3019 ,
1035 2971 1100 3025 400

106 3036 255 3094 Scanduut
268 3054 364 3092 rursus
379 3034 494 3111 equuus,
510 3044 539 3093 et
552 3035 620 3092 notri
634 3035 798 3092 conduntur
811 3035 841 3093 iu
856 3036 931 3095 alvo.

105 3114 191 3171 Heu!
214 3112 286 3169 nihil
300 3113 397 3169 invitis
410 3112 453 3176 fas
468 3133 643 3189 quemquam
658 3112 747 3170 fidere
762 3113 844 3171 divis.

144 3192 224 3248 Ecce
238 3189 403 3248 trahebatur
415 3191 506 3267 passis
521 3192 665 3248 Priameia
677 3191 757 3266 virgo

105 3269 241 3328 Crinibus
257 3289 273 3326 a
286 3268 395 3344 templo
406 3269 569 3327 Cassandra
582 3269 731 3345 adytisque
746 3269 900 3347 Minervae,

104 3349 151 3406 Ad
166 3348 270 3407 coelum
284 3348 406 3406 tendens
420 3347 548 3405 ardentia
561 3347 672 3404 lumina
685 3348 804 3420 frustra;
1035 3362 1101 3419 405

104 3427 239 3503 Lumina,
253 3446 320 3484 nam
334 3433 446 3484 teneras
461 3426 596 3483 arcebant
608 3426 725 3483 vincula
737 3427 857 3503 palmas.

105 3505 174 3565 Nou
188 3505 255 3563 tulit
267 3505 342 3563 hanc
356 3505 483 3582 speciem
498 3503 600 3561 furiata
614 3513 711 3563 mente
726 3504 877 3580 Coroebus,

105 3583 147 3641 Et
160 3603 223 3641 sese
238 3584 367 3641 medium
383 3583 479 3661 injecit
493 3582 636 3659 periturus
650 3583 680 3638 in
695 3603 807 3658 agmen.

106 3662 317 3738 Consequimur
330 3662 437 3736 cuncti,
453 3668 481 3719 et
495 3661 591 3717 densis
606 3661 775 3720 incurrimus
790 3661 884 3720 armis

106 3740 165 3800 Hic
178 3738 302 3820 primum
318 3760 354 3801 ex
369 3740 425 3798 alto
440 3738 551 3800 delubri
566 3739 691 3800 culmine
705 3739 770 3801 telis
1035 3754 1103 3813 410
