2400 4178
105 206 142 263 82
508 204 689 263 AENEIDOS

107 357 249 431 Quarum,
263 374 328 434 quae
342 354 433 414 forma
466 354 649 429 ulcherrima,
664 355 742 413 Deio
781 374 828 415 am

105 435 261 493 Connubio
270 438 391 513 jungam
405 374 509 510 stabili,
523 433 723 511 propriamque
758 433 857 511 'eabo;

106 514 218 572 Omnes
232 522 264 572 ut
276 523 372 571 tecum
386 514 495 571 meritis
508 531 560 589 pro
573 510 678 570 talibus
691 530 782 572 annos

107 592 223 666 Exiget,
234 601 263 649 et
275 590 396 666 pulchri
410 590 497 650 faciat
509 600 538 649 te
551 590 632 667 prole
644 598 802 667 parentem.
1055 598 1099 655 76

144 670 249 727 AEolus
262 670 324 726 luec
339 667 455 727 contri:
477 669 568 743 Tuus,
583 688 601 725 o
615 668 723 745 regina,
757 670 808 729 uid
821 678 905 749 optes

105 748 266 825 Explorate
279 748 376 820 labor;
398 748 470 804 milri
479 750 561 825 jussa
574 766 724 838 capessere
737 690 780 807 fas
793 758 846 807 est.

104 824 152 883 Tu
166 826 237 883 milri
251 828 455 903 quodcumque
469 828 523 883 hoc
538 844 629 902 regni.
643 835 674 883 tu
688 834 802 904 sceptra
814 826 979 905 lovemque

104 904 270 977 Concilias;
292 913 322 963 tu
336 906 387 962 das
401 905 493 980 epulis
507 906 677 962 accumbere
691 904 800 981 divum,

104 982 335 1060 Nimborumque
349 984 419 1041 facis
433 992 693 1061 tempestatumque
706 992 863 1059 potentem.
1053 990 1097 1045 80

144 1062 218 1119 Huc
233 1062 283 1120 ubi
296 1064 382 1136 dicta,
398 1081 502 1119 earum
516 1064 655 1119 conversi
669 1062 788 1139 cuspide
801 1070 930 1121 montem

106 1138 223 1217 lmpulit
236 1142 266 1199 in
280 1141 372 1197 latus:
394 1160 427 1197 ae
441 1141 530 1216 renti,
544 1140 623 1197 velut
636 1141 750 1215 agmine
764 1141 849 1217 facto,

105 1218 173 1289 Qua
187 1221 253 1277 data
266 1228 356 1297 porta,
371 1230 466 1293 ruunt,
481 1228 510 1276 ct
523 1226 611 1276 terras
625 1218 738 1276 turbine
752 1218 883 1296 perflant.

106 1296 268 1355 Incubuere
282 1299 362 1372 mari,
377 1306 526 1373 totumque
542 1319 558 1355 a
572 1296 688 1355 sedibus
702 1296 767 1355 imis

105 1376 173 1435 Una
191 1378 343 1453 Eurusque
356 1377 510 1453 Notusque
525 1384 620 1449 ruunt,
634 1374 792 1453 creberque
804 1374 940 1452 procellis
1056 1386 1099 1441 85

104 1455 236 1526 Africus3
258 1464 287 1513 et
300 1464 395 1513 vastos
409 1454 528 1512 volvunt
542 1454 578 1511 ad
592 1453 686 1510 littora
699 1452 811 1510 fluctus.

106 1533 272 1609 Insequitur
285 1532 450 1607 clamorque
464 1532 567 1605 ririrm,
582 1531 740 1606 stridorque
755 1532 917 1591 rudentum.

105 1611 242 1687 Eripiunt
255 1607 350 1668 subiti>
365 1610 458 1667 nubes
472 1610 635 1687 coelumque
649 1609 784 1688 diemque

105 1689 284 1748 Teucrorum
298 1708 336 1746 ex
350 1688 460 1746 oculis:
481 1697 570 1780 ponto
584 1708 643 1746 nox
658 1689 773 1747 incubat
787 1696 854 1748 atra.
907 1716 912 1725 ·

106 1767 261 1825 lutonnirre
275 1768 344 1843 poli,
360 1775 389 1824 et
403 1767 508 1825 crebris
522 1769 609 1826 micat
622 1768 736 1843 ignibus
750 1769 858 1826 aether:
944 1770 950 1777 '
1058 1778 1100 1833 9ο

104 1846 340 1923 Praesentemque
354 1847 422 1904 viris
436 1846 578 1905 intentant
591 1847 687 1905 omnia
700 1856 830 1905 mortem.

145 1926 304 2002 Extemplo
317 1925 422 1983 AEneoe
437 1926 586 1984 solvuntur
598 1925 701 2001 frigore
716 1926 862 1984 membra:

107 2002 241 2079 ingemit,
256 2011 294 2079 et,
308 2004 438 2079 duplices
452 2005 574 2062 tendens
589 2005 623 2061 ad
638 2004 732 2061 sidera
744 2005 864 2080 palmas,

106 2081 190 2139 Talia
203 2100 275 2139 voce
290 2082 392 2139 refert:
415 2082 441 2139 0
456 2090 555 2157 terque
569 2090 726 2157 quaterque
739 2082 817 2139 beati

106 2160 199 2231 Queis
213 2168 279 2218 ante
292 2178 342 2216 ora
353 2167 475 2235 patrum,
491 2160 587 2235 Trojae
603 2158 655 2216 sub
670 2159 812 2216 moenibus
827 2158 900 2233 altis,
1057 2170 1100 2227 95

106 2239 236 2313 Contigit
249 2239 403 2314 oppetere!
427 2237 452 2294 Ο
467 2237 602 2294 Danairm
616 2237 768 2295 fortissime
782 2238 875 2313 gentis

106 2316 231 2392 Tydide,
246 2334 331 2373 mene
346 2314 442 2372 Iliacis
456 2314 627 2373 occumbere
641 2316 749 2393 campis

105 2394 137 2451 N
138 2413 175 2451 on
188 2394 325 2470 potuisse,
340 2394 446 2471 tutique
461 2395 585 2453 animam
598 2395 674 2452 hune
688 2395 837 2453 effundere
852 2396 965 2473 dextra,

107 2474 208 2531 Saevus
223 2473 271 2531 ubi
285 2473 416 2531 AEacidae
431 2475 489 2533 telo
499 2476 579 2552 jacet
593 2474 711 2549 Hector,
725 2474 776 2532 ubi
789 2474 892 2550 ingens

108 2552 265 2628 Sarpedon,
279 2552 329 2610 ubi
344 2559 386 2610 tot
401 2554 508 2611 Simois
522 2561 652 2629 correpta
665 2554 717 2611 sub
732 2553 816 2612 undis
841 2560 845 2567 '

107 2629 196 2689 Scuta
208 2630 302 2689 viriam
316 2632 469 2709 galeasque
483 2642 512 2691 et
525 2632 609 2691 fortia
622 2652 741 2711 corpora
753 2632 860 2691 volvit!

146 2709 229 2768 Talia
238 2711 358 2789 jactanti
372 2713 495 2771 stridens
509 2713 642 2790 aquilone
655 2712 782 2789 procella

106 2787 216 2846 Velum
230 2791 349 2847 adversa
362 2789 435 2865 ferit,
449 2792 610 2868 fluctusque
624 2792 659 2848 ad
674 2791 769 2848 sidera
781 2789 864 2848 tollit.

105 2868 289 2943 Franguntur
302 2869 390 2925 remi:
413 2878 472 2927 tum
486 2890 569 2946 prora
583 2870 693 2944 avertit,
708 2877 737 2925 et
749 2868 834 2925 undis

106 2946 166 3004 Dat
178 2946 271 3017 latus;
292 2947 452 3021 insequitur
465 2948 580 3005 cumulo
594 2955 753 3024 praeruptus
768 2964 849 3021 aqum
864 2964 957 3005 mons.

107 3024 148 3081 Hi
162 3044 273 3082 summo
288 3024 317 3081 in
332 3024 421 3082 fluctu
435 3026 581 3101 pendent;
604 3026 649 3083 his
663 3026 742 3082 unda
755 3025 909 3083 dehiscens

106 3102 226 3160 Terram
240 3103 314 3160 inter
327 3102 430 3161 fluetus
444 3104 551 3179 aperit:
573 3106 640 3163 furit
654 3113 741 3161 aestus
755 3103 857 3161 arenis.

106 3180 179 3239 Tres
193 3182 288 3240 Notus
303 3181 433 3258 abreptas
447 3184 477 3239 in
492 3202 561 3240 saxa
574 3183 691 3241 latentia
704 3191 835 3259 torquet:

108 3261 185 3319 Saxa
197 3269 302 3319 vocant
315 3260 381 3319 ltali
395 3262 497 3318 mediis
511 3281 576 3336 quae
591 3262 620 3319 in
634 3262 768 3320 fluetibus
782 3263 865 3335 Aras,

106 3340 232 3398 Dorsum
245 3341 372 3398 immane
386 3340 457 3397 mari
471 3359 594 3397 summo.
636 3341 709 3399 Tres
723 3341 820 3398 Eurus
834 3339 869 3397 ab
884 3340 941 3399 alto

108 3418 141 3476 ln
155 3419 255 3477 brevia
268 3427 297 3478 et
310 3426 400 3496 syrtes
413 3427 505 3495 urget,
520 3419 682 3476 miserabile
695 3420 770 3494 visu,
853 3444 856 3449 ·

107 3497 254 3575 Illiditque
267 3498 359 3574 vadis,
374 3508 459 3575 atque
473 3516 576 3574 aggere
590 3498 680 3574 cingit
693 3517 796 3556 arente.

106 3576 215 3652 Unam,
230 3597 293 3654 quar
309 3578 414 3655 Lycios
428 3578 575 3653 fidumque
587 3577 713 3637 vehebat
726 3578 876 3652 Orontem,

107 3654 203 3730 Ipsius
217 3665 283 3714 ante
297 3656 397 3715 oeulos
411 3658 513 3733 ingens
528 3657 664 3715 avertice
678 3666 782 3734 pontus
876 3682 879 3689 ·

108 3734 142 3791 In
155 3734 275 3815 puppim
289 3734 369 3809 ferit3
392 3736 543 3811 excutitur,
558 3755 723 3816 pronusque
737 3736 872 3812 magister
