2400 4178
499 217 615 273 Hera
633 207 694 272 IX}

327 483 334 495 ’
445 524 732 618 mnnrnos

440 688 570 779 urana
588 637 751 754 ¹Nouus

106 827 215 888 Areon
231 846 266 884 ea
279 826 392 886 diversa
405 824 520 904 penitus
535 827 605 884 dum
618 835 699 904 parte
712 837 858 905 geruntur,

108 904 176 962 Irim
190 907 226 963 de
241 905 313 963 coelo
327 905 407 963 misit
421 905 644 962 Saturnia-Juno

106 981 255 1041 Audacem
270 985 306 1040 ad
320 983 460 1040 Turnum.
502 983 583 1040 Luco
598 990 659 1039 tum
672 981 744 1041 forte
759 986 885 1060 parentis

106 1061 233 1119 Pilumni
248 1063 363 1119 Turnus
377 1059 487 1119 sacratt
501 1060 576 1118 valle
591 1060 717 1119 sedebat.

106 1141 153 1197 Ad
168 1159 253 1216 quem
270 1139 310 1196 sie
326 1159 407 1197 roseo
422 1139 630 1197 Thaumantias
644 1158 693 1196 ore
708 1140 804 1198 locuta
815 1149 879 1211 est:
965 1194 969 1200 .
1071 1135 1097 1202 ὅ

147 1219 255 1291 Turne,
271 1218 347 1293 quod
361 1218 470 1294 optanti
484 1217 582 1274 divfim
597 1219 762 1295 promittere
776 1238 867 1277 nemo

106 1298 244 1372 Auderet,
258 1296 401 1354 volvenda
415 1296 476 1353 dies
491 1315 528 1352 en
544 1296 637 1362 attulit
650 1296 746 1354 ultro:

106 1376 227 1450 AEneas,
242 1375 322 1451 urbe,
338 1384 366 1433 et
377 1377 474 1450 sociiS,
491 1382 520 1432 et
533 1375 624 1432 classe
638 1375 750 1451 relicti,
764 1436 765 1439 ,

109 1454 226 1532 Sceptra
239 1454 365 1512 Palatini
379 1455 535 1530 sedemque
549 1454 622 1531 petit
635 1455 777 1512 Evandri.-

106 1533 138 1590 N
139 1553 172 1590 ec
188 1530 275 1592 satis:
298 1542 440 1591 extremas
455 1534 576 1609 Corythi
590 1535 752 1610 penetravit
766 1534 802 1590 ad
816 1533 921 1607 urbes3
1045 1541 1093 1592 '10

59 1643 61 1645 >
107 1613 313 1688 Lydorumque
328 1632 456 1686 manum,
471 1613 608 1670 collectos
622 1622 712 1671 armat
726 1622 859 1688 agrestes.

109 1690 187 1760 Quid
202 1691 337 1748 dubitas?
358 1709 435 1748 nune
449 1699 563 1766 tempus
578 1710 677 1767 equoS,
692 1712 769 1749 nune
782 1710 902 1768 poscere
916 1703 1033 1751 currus:

107 1770 225 1845 Rumpe
240 1789 333 1849 moras
347 1786 468 1840 omnes3
491 1777 519 1826 et
533 1769 645 1828 turbata
658 1771 750 1846 arripe
765 1779 863 1828 castra.

147 1848 249 1920 Dixit3
272 1854 301 1904 et
315 1849 348 1904 in'
360 1846 466 1906 coelum
480 1847 594 1922 paribus
609 1867 640 1905 se
655 1848 852 1921 sustulit·alis;

109 1926 318 2001 lugentemque
332 1926 400 2000 fugd
415 1927 507 1983 secuit
520 1924 572 1982 sub
587 1926 712 1983 nubibus
727 1945 833 1984 arcum.
932 1989 935 1994 ,
1056 1933 1092 1986 15

107 2005 235 2080 Agnovit
245 2006 372 2083 juvenis,
388 2004 575 2080 duplicesque
590 2004 625 2061 ad
641 2005 734 2062 sidera
746 2007 856 2081 palmas

109 2083 239 2158 Sustulit,
255 2092 284 2141 et
297 2084 347 2142 tali
361 2083 518 2157 fugientem
533 2090 577 2140 est
590 2103 663 2140 voce
678 2092 809 2141 secutus:

108 2162 157 2236 Iri,
172 2164 260 2219 decus
274 2162 349 2237 coeli,
365 2163 429 2238 quis
443 2170 472 2219 te
486 2161 559 2218 mihi
573 2162 698 2220 nubibus
713 2171 811 2220 actam
839 2185 842 2192 ·

107 2241 221 2298 Detulit
235 2241 264 2297 in
279 2244 388 2299 terras?
409 2242 487 2298 unde
501 2241 565 2298 haec
580 2248 637 2297 tam
653 2241 729 2298 clara
742 2240 861 2318 repente

108 2318 299 2394 Tempestas?
321 2320 448 2376 medium
461 2319 547 2375 video
561 2320 709 2377 discedere
723 2321 837 2394 coelum,

108 2396 299 2471 Palantesquc
313 2398 380 2472 polo
395 2396 508 2454 stellas:
530 2415 634 2472 sequor
648 2398 744 2454 omina
758 2406 845 2474 tanta,
1036 2465 1039 2472 Ι

111 2473 249 2547 Quisquis
263 2475 292 2529 in
309 2492 495 2540 arma-vocas.
538 2475 578 2530 Et
591 2475 632 2546 sic
647 2475 750 2533 effatus
765 2477 801 2532 ad
814 2478 922 2534 undam
968 2539 971 2545 ,

109 2551 264 2624 Processit,
280 2569 451 2626 summoque
465 2550 562 2607 hausit
576 2553 612 2608 de
626 2554 739 2626 gurgite
751 2553 894 2630 lymphas,

109 2629 205 2687 Multa
218 2629 287 2685 deos
302 2647 402 2700 orans3
424 2628 609 2702 oneravitque
624 2630 732 2686 aethera
744 2631 829 2687 votis.

147 2708 270 2783 Jamque
285 2707 378 2764 omnis
393 2706 501 2781 campis
512 2706 655 2763 exercitus
669 2707 729 2764 ibat
743 2708 856 2783 apertis,

99 2786 201 2844 Dives
216 2785 333 2861 equdm,
343 2779 430 2842 dives
444 2785 537 2860 pictai
547 2785 635 2842 vestis
650 2793 680 2842 et
693 2786 763 2843 auri.

108 2867 263 2942 Messapus
272 2864 377 2940 primas
392 2864 478 2938 acies,
493 2870 639 2939 postrema
652 2867 788 2922 coercent

108 2945 259 3020 Tyrrhidae
271 2946 406 3021 juvenes,
422 2942 517 2999 medio
532 2940 592 2998 dux
606 2943 721 3016 agmine
735 2942 853 3001 Turnus

113 3022 257 3097 [Vertitur
271 3033 350 3078 arma
363 3029 474 3095 tenens,
491 3029 520 3078 et
533 3029 593 3078 toto
609 3021 716 3081 vertice·
731 3018 816 3097 suprd
830 3022 904 3099 estz]
1000 3042 1001 3045 ¹

109 3102 173 3159 Ceu
187 3101 297 3178 septem
312 3100 431 3175 suigen's
445 3098 550 3156 sedatis
566 3098 697 3156 amnibus
711 3098 785 3157 altus

75 3227 77 3230 .
109 3179 166 3236 Per
180 3181 297 3238 tacitum
310 3180 439 3254 Ganges,
455 3185 504 3235 aut
516 3178 617 3254 pingui
631 3176 863 3254 flumine'Nilus,
910 3213 913 3223 κ

111 3257 210 3326 Quum
225 3257 319 3314 refluit
332 3257 452 3332 campis,
467 3264 496 3314 et
505 3259 567 3334 jam
582 3274 613 3313 se
627 3255 757 3314 condidit
771 3257 862 3314 alveo.

110 3333 308 3391 Hic-subitam
322 3334 402 3409 nigro
416 3334 568 3410 glomerari
580 3333 699 3410 pulvere
713 3335 823 3392 nubem

110 3408 296 3487 Prospiciunt
309 3411 427 3486 Teucri,
442 3431 475 3469 ac
488 3412 621 3469 tenebras
632 3412 778 3487 insurgere
792 3411 912 3495 campis.
931 3453 935 3459 ·
962 3467 967 3475 ,

110 3490 225 3548 Primus
241 3488 276 3545 ab
291 3489 411 3546 adversa
424 3490 586 3547 conclamat
598 3490 674 3547 mole
689 3490 817 3548 Caicus:
849 3521 853 3527 -

112 3569 187 3639 Quis
201 3567 313 3644 globus,
329 3586 345 3623 o
360 3568 448 3640 cives,
464 3567 586 3643 caligine
600 3567 724 3643 volvitur
738 3567 818 3624 atrdl

110 3648 198 3712 Ferte
212 3646 261 3704 citi
274 3644 390 3718 ferrum,
405 3645 471 3702 date
484 3645 551 3720 tela,
566 3646 695 3712 scandite
709 3664 822 3718 muros3

110 3725 212 3787 Hostis
226 3725 317 3800 adest,
332 3723 395 3781 eia!
418 3723 534 3799 Ingenti
548 3724 673 3781 clamore
685 3742 738 3803 per
751 3740 853 3785 omues
