2400 4178
85 179 139 237 24⁴
479 176 660 233 AENEIDOS

125 329 272 389 Coelicolae
287 326 393 405 magni,
407 328 553 405 quianam
567 326 709 387 sententia
720 326 803 389 vobis

85 408 179 468 Versa
192 418 275 483 retro,
289 404 457 485 tantumque
471 406 573 465 animis
587 406 699 465 certatis
712 406 839 501 iniquis?

85 489 250 547 Abnueram
266 486 341 545 bello
355 484 467 544 ltaliam
481 504 650 545 concurrere
663 485 800 545 Tenens:

87 568 162 639 Quae
177 575 274 625 contra
286 565 407 623 vetitum
420 564 581 625 discordia?
600 565 666 643 quis
680 572 774 625 metus
787 572 839 625 aut
849 564 910 627 nos

86 649 145 705 Aut
157 647 210 703 hos
224 664 301 702 mma
314 645 397 722 sequi
409 643 574 721 ferrumque
586 642 728 703 lacessere
740 644 851 705 suasit?

84 725 230 783 Adveniet
238 726 475 803 justumpugnae,
489 742 527 780 ne
541 723 685 799 arcessite,
698 730 824 801 tempus,

85 804 185 875 Quum
200 802 260 860 lero
273 802 416 879 Carthago
429 802 570 861 Romanis
584 802 696 861 arcibus
709 801 779 863 olim

85 883 215 940 Exitium
230 902 364 957 magnum
380 890 465 959 atque
476 881 566 959 Alpes
579 882 714 941 immittet
725 888 846 974 spem·

84 961 160 1019 Tum
174 971 281 1019 certare
295 960 378 1037 odiis,
392 969 454 1020 tum
469 980 514 1019 res
528 960 656 1053 rapuisse
670 960 784 1019 licebit:

84 1040 171 1099 Nunc
186 1040 288 1113 sinitc;
310 1049 339 1098 et
351 1038 489 1119 placitum
504 1040 563 1099 leti
577 1040 740 1118 componite
752 1039 855 1099 sedus.

122 1119 235 1197 Jupiter
248 1119 312 1178 haec
325 1119 443 1197 paucis;
463 1128 493 1179 at
505 1138 564 1177 non
577 1120 679 1178 Venus
693 1137 779 1178 sures
791 1116 896 1179 eontd

84 1197 182 1256 Pauca
196 1198 295 1257 refert:
638 1218 647 1235 ·

85 1277 111 1336 Ο
125 1287 214 1355 peter,
229 1298 246 1335 ο
260 1277 409 1335 hominum
422 1275 581 1355 divquue
595 1285 702 1336 reterns
713 1285 850 1355 potestas,

83 1356 220 1433 Namque
234 1357 312 1415 alind
326 1356 395 1434 quid
409 1357 446 1415 sit
459 1356 535 1434 quod
544 1358 606 1435 jam
619 1354 771 1433 implorare
783 1360 954 1434 queuntis?

84 1436 187 1494 Cernis
200 1446 232 1494 ut
244 1436 381 1496 insultent
393 1435 505 1512 Rutuli,
520 1436 692 1511 Tnmmque
705 1434 811 1495 seratur

85 1515 142 1573 Per
156 1516 265 1573 medios
279 1515 399 1590 insignis
412 1515 504 1592 equis,
518 1515 700 1592 tumidusque
714 1514 841 1575 secundo

84 1594 179 1651 Marte
193 1605 272 1652 mat:
294 1613 352 1651 non
366 1592 462 1651 clause
475 1601 576 1669 tegunt
585 1595 646 1672 jam
657 1594 765 1653 moenia
779 1594 938 1671 Teucros3
1002 1654 1006 1659 .

85 1673 165 1744 Quin
179 1673 251 1730 intra
264 1682 359 1750 portas
373 1680 458 1751 etque
471 1673 541 1750 ipsis
554 1673 655 1750 proelia
667 1673 789 1732 miscent

85 1752 245 1829 Aggeribus
258 1771 402 1811 murorum
414 1773 423 1827 ;
444 1762 474 1811 et
487 1752 627 1811 inundant
639 1753 778 1828 sangnine
790 1752 890 1827 fossae.

85 1832 195 1889 AEneas
210 1832 322 1907 ignarus
337 1831 425 1890 abest.
466 1832 662 1908 Nunquamne
676 1832 764 1890 levari

86 1910 244 1969 Obsidione
259 1912 355 1969 sines?
376 1911 463 1970 muris
477 1912 581 1970 iterum
594 1911 726 1969 imminet
738 1911 828 1971 hostis

85 1990 240 2049 Nascentis
254 1990 367 2083 TroJ'ae3
389 2009 443 2048 nec
457 2011 514 2049 non
529 1990 672 2050 exercitus
685 1990 766 2066 alter,

85 2072 181 2145 Atque
194 2069 298 2127 iterum
312 2089 342 2126 m
356 2069 485 2128 Teucros
499 2069 603 2127 AEtolis
616 2070 706 2145 surgit
719 2068 754 2127 ab
767 2069 855 2147 Arpis

85 2148 223 2225 Tydides.
265 2148 420 2224 Equidem,
434 2149 530 2222 credo,
544 2166 609 2205 mea
621 2147 742 2205 vnlnere
754 2154 882 2223 restant3

86 2226 126 2284 Et
140 2236 188 2286 tua
200 2227 352 2304 progenies
365 2226 493 2285 mortalia
507 2227 638 2284 demoror
652 2245 737 2284 mma.

87 2306 119 2363 Si
133 2307 195 2363 sine
208 2325 282 2383 pace
295 2305 346 2363 tui
359 2313 444 2380 atque
455 2305 544 2363 invito
556 2305 675 2363 numine
689 2306 782 2365 Troes

86 2383 199 2443 Italiam
213 2383 333 2462 petiere,
346 2382 427 2443 luant
439 2392 574 2461 peccata;
595 2403 689 2460 neque
702 2384 767 2443 illos

85 2463 198 2522 Juveris
213 2463 336 2522 auxilio:
358 2463 402 2522 sin
416 2472 458 2522 tot
471 2483 608 2540 responsa
621 2463 722 2539 secuti,

88 2543 162 2614 Quae
179 2544 282 2621 Superi
295 2542 456 2620 Manesque
470 2542 586 2619 dabant,
599 2562 650 2601 cur
663 2562 740 2602 nunc
755 2550 804 2601 tua
816 2542 981 2623 quisquam

87 2622 208 2683 Vertere
218 2627 300 2704 jussa
312 2625 426 2701 potest?
448 2632 497 2683 eut
510 2643 561 2682 cur
574 2642 649 2682 nova
662 2624 785 2681 condere
797 2621 879 2683 sata?

89 2703 168 2774 Quid
178 2712 306 2780 repetam
321 2711 436 2763 exustas
451 2703 579 2781 Erycino
593 2703 623 2761 in
637 2702 731 2762 littore
743 2700 873 2763 classes?

89 2783 168 2854 Quid
182 2791 383 2861 tempestatum
397 2802 493 2859 regem
506 2793 664 2859 ventosque
678 2782 802 2841 furentes

88 2862 185 2919 AEotis
199 2863 331 2921 excitos?
353 2869 403 2921 aut
416 2870 509 2921 actam
522 2862 647 2920 nubibus
661 2861 750 2919 Irim?

88 2941 119 2998 N
120 2960 176 2998 unc
190 2941 276 2998 etiam
290 2935 394 2998 Manes
413 2939 490 3015 (haec
504 2942 642 3001 intentata
656 2939 789 2998 manebat

90 3019 157 3076 Sors
171 3018 279 3095 rerum)
297 3026 411 3090 movet3
433 3026 463 3076 et
472 3021 584 3097 superis
593 3020 721 3077 immissa
733 3015 854 3095 repente

88 3097 212 3171 Allecto,
227 3097 334 3153 medias
349 3095 453 3154 ltaltim
466 3096 605 3167 bacchata
618 3118 669 3176 per
682 3097 775 3157 nrbes.

88 3175 141 3235 Nil
155 3194 241 3251 super
254 3175 374 3251 imperio
388 3192 521 3234 moveor:
543 3179 720 3254 speravimus
733 3178 795 3252 ista,

90 3255 167 3312 Dum
182 3253 295 3312 fortuna
307 3252 379 3327 suit;
400 3252 525 3330 vincant,
540 3275 610 3332 quos
623 3255 740 3314 vincere
755 3254 855 3330 mavis,

92 3334 123 3392 Si
136 3333 215 3392 nulla
228 3341 272 3392 est
285 3332 363 3408 regio
377 3331 498 3390 Teneris
512 3332 599 3411 quom
612 3333 661 3391 det
673 3343 724 3392 tua
736 3336 843 3413 conjux

91 3414 189 3486 Dura;
210 3433 262 3491 per
275 3431 393 3487 eversae,
407 3411 527 3489 genitor,
541 3412 679 3470 fumantis
692 3413 790 3493 Trojae

91 3492 216 3551 Excidio
229 3491 364 3569 obtestor,
378 3491 464 3550 liceat
477 3492 618 3550 dimittere
632 3491 667 3549 ab
682 3493 767 3551 armis

92 3569 272 3630 incolumem
287 3572 453 3647 Ascanium,
466 3571 552 3630 liceat
565 3568 712 3648 superesse
726 3580 871 3649 nepotem.
986 3632 993 3641 ,

92 3648 200 3709 AEneas
213 3651 312 3729 procul
325 3652 430 3727 ignotis
439 3653 563 3729 jactetur
576 3650 606 3708 in
620 3650 685 3727 oris,

92 3727 134 3789 Et
146 3748 357 3807 quemcumque
371 3729 453 3791 viam
461 3729 573 3788 dederit
583 3729 696 3791 fortuna
709 3736 862 3806 sequatur:
