2370 4176
499 190 614 250 mana
633 191 683 248 tv,

114 339 259 397 Praeterea
271 338 326 397 suit
337 337 368 396 in
382 337 468 397 tectis
481 337 518 396 de
531 339 828 418 marmoretemplum

113 417 254 551 Conp'ugis
269 416 388 494 antiqui,
402 416 475 475 miro
489 418 566 494 quod
580 417 691 475 honore
703 417 825 494 colebat,

113 494 172 552 Vel
185 494 282 552 eribus
295 494 389 552 niveis
403 501 434 552 et
446 493 519 554 sesti
532 494 634 553 fronde
647 495 826 556 revinctum:

34 597 36 608 ν
114 570 195 644 Hinc
210 572 341 630 exaudiri
354 590 444 631 voces
457 580 487 631 et
499 572 588 632 verba
599 573 731 632 vocantis

114 650 188 717 Visa
200 651 265 726 viri,
280 669 339 708 nox
352 669 441 726 quum
455 659 544 710 terras
557 650 679 709 obscura
691 658 821 728 teneret5

116 728 242 824 Solaque
256 727 429 787 culminibus
442 727 524 787 ferali
536 729 663 787 carmine
675 728 754 787 bubo

116 805 200 883 Saepe
215 805 306 884 queri,
321 814 350 864 et
361 806 462 883 longas
474 807 505 866 in
518 806 618 866 lletrrm
631 808 738 866 ducere
750 827 846 867 voces.

116 883 270 959 Multaque
283 891 423 962 praeterea
434 893 533 945 vatum
545 885 685 961 praedicta
696 886 823 962 priorum

116 960 252 1019 Terribili
263 962 374 1020 monitu
386 963 559 1022 horrificant
601 963 673 1038 agit
685 963 747 1040 ipse
760 964 903 1023 furentem

117 1038 152 1097 ln
166 1039 274 1098 somnis
287 1040 365 1098 ferus
378 1041 507 1098 AEneas:
528 1059 698 1117 semperque
712 1041 838 1118 relinqui

118 1117 186 1174 Sola
199 1117 264 1193 sibi,
278 1138 393 1196 semper
405 1118 522 1194 longam
535 1119 702 1176 incomitata
714 1120 829 1178 videtur
929 1174 931 1179 ⁴

19 1257 22 1264 ¹
118 1194 164 1252 Ire
178 1196 264 1271 viam,
279 1205 309 1255 et
322 1196 427 1271 Tyrios
441 1197 555 1254 deserti
569 1214 697 1272 quaerere
710 1199 794 1255 terris.

118 1273 316 1332 Eumenidum
330 1273 422 1332 veluti
435 1274 556 1336 demens
569 1275 650 1333 videt
660 1274 774 1349 agmina
786 1275 944 1352 Pentheus,

118 1352 159 1408 Et
173 1351 262 1410 solem
276 1352 435 1428 geminum,
450 1361 480 1411 et
494 1352 624 1428 duplices
638 1371 670 1410 se
684 1354 835 1411 ostendere
849 1353 984 1414 Thebes:

118 1431 181 1494 Aut,
190 1430 438 1506 Agamemnonius
452 1431 546 1489 scenis
561 1429 684 1505 agitatus
697 1429 824 1506 Orestes,

117 1510 267 1566 Armatam
281 1508 391 1566 facibus
404 1516 524 1567 matrem
538 1515 570 1566 et
580 1508 762 1585 serpentibus
773 1510 839 1568 atris
907 1505 913 1515 '

119 1586 218 1656 Quum
232 1586 312 1662 fugit,
327 1586 499 1663 ultricesque
512 1587 658 1648 sedentia
672 1586 773 1644 limine
787 1587 876 1646 Dirae.

160 1665 238 1739 Ergo
252 1664 302 1722 ubi
316 1666 449 1741 concepit
461 1664 547 1722 furias
561 1664 655 1722 evicta
667 1664 775 1739 dolore,

119 1742 313 1818 Decrevitque
326 1743 408 1817 mori,
422 1751 537 1819 tempus
551 1759 650 1799 secum
664 1742 728 1819 ipsa
740 1744 917 1820 modumque

119 1819 230 1896 Exigit,
245 1828 283 1894 et,
298 1829 428 1878 moestam
443 1821 527 1878 dictis
544 1822 678 1894 aggressa
690 1838 840 1896 sororem,

120 1898 280 1956 Consilium
293 1898 377 1956 vultu
390 1898 471 1973 tegit,
486 1917 520 1955 ac
534 1915 615 1974 spem
628 1896 721 1955 fronte
735 1902 865 1956 serenat:

121 1975 233 2051 Inveni,
247 1995 393 2052 germana,
407 1977 485 2034 viam
503 1975 627 2054 (gratare
641 1974 752 2052 sorori)¹
818 2048 821 2056 Ι

121 2055 197 2125 Quae
212 2054 284 2112 mihi
298 2055 398 2113 reddat
412 2074 489 2128 eum,
502 2053 550 2111 vel
564 2072 599 2112 eo
612 2072 660 2111 me
674 2053 766 2117 solvat
780 2062 933 2112 amantem.

121 2132 231 2191 Oceani
244 2133 333 2190 finem
342 2134 427 2210 juxta
440 2132 589 2209 solemque
603 2131 765 2207 cedentem,

121 2211 249 2270 Ultimus
262 2211 434 2288 AEthiopum
447 2211 529 2269 locus
544 2218 597 2284 est,
611 2210 662 2268 ubi
676 2210 820 2269 maximus
833 2209 916 2270 Atlas

121 2293 216 2347 Axem
229 2289 351 2347 humero
365 2297 479 2367 torquet
492 2290 581 2351 stellis
596 2288 761 2348 ardentibus
776 2297 884 2366 aptum.

122 2367 200 2425 Hinc
215 2367 287 2425 mihi
300 2367 437 2444 Massylae
452 2368 545 2444 gentis
558 2374 714 2426 monstrata
727 2368 870 2443 sacerdos,

123 2445 317 2523 Hesperidum
330 2446 431 2524 templi
445 2455 551 2521 custos,
567 2446 723 2523 epulasque
738 2445 855 2502 draconi

124 2523 199 2593 Quae
214 2523 307 2599 dabat,
322 2531 350 2582 et
364 2543 460 2582 sacros
473 2523 605 2582 servabat
617 2523 648 2580 in
663 2523 763 2581 arbore
776 2541 879 2598 ramos,

124 2602 267 2678 Spargens
279 2602 399 2661 humida
411 2601 500 2660 mella
513 2601 759 2677 soporiferumque
772 2618 907 2677 papaver.
949 2622 968 2678 '.

123 2679 198 2736 Haec
211 2699 243 2737 se
256 2680 432 2738 carminibus
445 2678 587 2755 promittit
599 2677 710 2735 solvere
724 2685 837 2734 mentes

124 2758 205 2828 Quas
219 2758 298 2833 velit,
313 2767 356 2817 ast
368 2758 431 2816 aliis
445 2759 529 2816 duras
543 2756 696 2814 immittere
711 2773 811 2828 curas;

124 2835 231 2894 Sistere
245 2831 349 2912 aquam
363 2835 470 2913 fluviis,
485 2845 515 2895 et
527 2843 638 2894 vertere
652 2834 746 2892 sidera
758 2840 851 2891 retro:

123 2915 154 2972 N
155 2921 348 2990 octumosque
363 2915 421 2974 ciet
434 2915 558 2973 Manes:
579 2914 691 2990 mugire
704 2910 816 2970 videbis

96 3037 106 3054 s
125 2991 184 3050 Sub
198 2993 321 3069 pedibus
335 3000 448 3068 terram,
463 3003 492 3051 et
502 2993 678 3051 descendere
692 2990 838 3049 montibus
852 3009 946 3048 omos.

123 3071 236 3146 Testor,
252 3090 326 3146 cara,
337 3071 419 3147 deos,
434 3079 464 3130 et
476 3080 516 3147 te,
530 3090 675 3147 germana,
689 3079 846 3146 tuumque·

123 3149 220 3207 Dulce
234 3157 329 3225 caput,
344 3151 470 3226 magicas
483 3149 603 3208 invitam
617 3150 763 3224 accingier
776 3157 859 3207 artes.

14 3268 20 3275 ·
123 3228 171 3285 Tu
186 3237 297 3285 secreta
309 3247 408 3305 pyram
421 3236 498 3287 tecto
512 3228 646 3287 interiore
660 3227 715 3285 sub
729 3245 810 3285 auras

124 3306 231 3382 Erige3
253 3314 283 3364 et
296 3325 375 3364 arma
387 3307 452 3382 viri,
466 3306 591 3365 thalamo
605 3325 671 3383 quae
685 3306 744 3363 fixa
756 3303 872 3382 reliquit

125 3385 246 3461 Impius,
261 3384 440 3462 exuviasque
454 3404 565 3462 omnes,
579 3384 744 3461 lectumque
760 3383 894 3459 ‘ugalem,

125 3463 192 3533 Quo
205 3463 287 3540 perii,
299 3464 524 3541 superimponas.
567 3462 692 3522 Abolere
706 3404 824 3520 nolendi

125 3542 238 3600 Cuncta
251 3543 305 3600 viri
316 3549 506 3600 monumenta
515 3541 601 3620 jubet
614 3547 809 3615 monstratque
822 3535 964 3595 sacerdos.

125 3619 198 3678 Haec
212 3614 299 3679 effata
311 3620 385 3678 silet.
427 3618 524 3677 Pallor
537 3621 623 3678 simul
638 3626 831 3695 occupatoren

124 3699 155 3758 N
156 3718 192 3757 on
207 3706 305 3757 tamen
318 3699 407 3757 Anna
419 3697 502 3756 novis
515 3706 673 3775 praetexere
687 3697 788 3754 lunera
800 3692 890 3752 sacris
