2370 4176
522 205 637 262 LIBER
656 205 706 263 lv„

122 351 255 425 inferar?
276 362 306 413 et
315 373 390 432 quos
406 354 526 414 Sidonia
539 358 590 416 vix
604 358 674 417 urbe
688 357 789 418 revelli
916 426 919 432 ,
951 403 955 410 -

122 433 237 492 Rursus
252 452 335 509 agam
349 433 463 511 pelago,
478 443 508 493 et
520 437 616 495 ventis
630 439 698 497 dare
710 438 777 496 vela
785 437 920 517 jubebo?

124 513 205 585 Quin
219 531 341 588 morere,
355 522 388 572 ut
398 514 502 572 merita
515 533 556 589 es,
571 515 702 593 ferroque
716 527 814 576 auerte
827 516 966 579 dolorem.

122 593 181 669 Tu,
195 592 331 669 lacrymis
343 592 439 651 evicta
451 592 534 670 meis,
548 602 580 653 tu
593 595 688 673 prima
699 595 843 654 furentem

73 701 76 705 ·
123 671 190 747 His,
205 689 351 747 germana,
366 671 450 729 malis
464 690 576 753 oneras,
589 682 678 750 atque
691 675 795 752 objicis
808 674 894 736 hosti.
937 748 941 753 Ι
955 692 959 699 ·

122 751 193 809 Non
207 750 291 807 licuit
304 750 423 809 thalami
434 748 586 829 expertem
600 753 663 811 sine
676 753 797 812 crimine
810 755 900 816 vitam
935 756 955 796 ’··
991 781 1002 797 ·-

123 829 240 906 Degere
254 848 334 887 more
344 829 422 906 ferae,
437 829 510 889 tales
522 849 577 889 nec
591 839 709 908 tangere
723 835 823 891 curas!
838 834 854 893 3·
1058 826 1060 831 ’

122 909 193 968 Non
207 915 319 966 servata
332 909 404 966 fides
419 909 509 967 cineri
524 910 664 987 promissa
678 910 819 990 Sychaeo-l

123 987 236 1045 Tantos
248 986 299 1044 illa
313 1007 366 1045 sno
380 989 533 1063 rumpebat
545 997 662 1067 pectore
676 997 805 1065 questus.
875 1031 879 1039 -

162 1066 274 1124 AEneas
288 1065 367 1124 celsi
380 1067 411 1123 in
424 1067 524 1144 puppi,
535 1070 598 1146 jam
614 1075 708 1125 certus
723 1068 820 1145 eundi,

123 1144 268 1222 Carpebat
280 1163 407 1219 somnos,
422 1145 507 1203 rebus
517 1148 580 1224 jam
594 1144 646 1205 rite
660 1147 776 1224 paratis.

122 1223 203 1282 Huic
217 1242 249 1281 se
262 1225 354 1282 forma
366 1224 415 1281 dei
428 1224 510 1282 vultu
524 1226 670 1283 redeuntis
685 1227 789 1284 eodem

123 1302 238 1361 Obtulit
250 1302 281 1359 in
295 1303 414 1377 somnis,
426 1322 583 1380 rursusque
596 1304 636 1362 ita
649 1303 712 1362 visa
724 1322 843 1362 monere
858 1313 918 1379 est3

123 1381 230 1439 Omnia
243 1381 392 1439 Mercurio
407 1380 527 1458 similis}
533 1400 703 1460 vocemque,
716 1382 912 1459 coloremque,
988 1394 994 1440 ἱ
1006 1408 1031 1421 ...

16 1524 19 1529 ,
122 1459 164 1518 Et
177 1459 272 1518 crines
291 1461 390 1535 flavos,
405 1467 435 1518 et
448 1460 579 1518 membra
589 1462 693 1519 decora
701 1460 845 1540 juventi:

64 1558 69 1566 ·
121 1539 201 1597 Nate
215 1539 281 1615 ded,
295 1547 377 1618 potes
391 1539 449 1597 hoc
462 1539 518 1598 sub
532 1558 602 1599 casu
617 1542 724 1598 ducere
739 1541 876 1599 somnos?

57 1689 59 1693 Ι
121 1618 189 1676 Nec
202 1637 266 1695 quae
280 1626 309 1677 te
323 1618 432 1677 circum
446 1625 523 1676 stent
536 1618 642 1677 deinde
655 1618 785 1697 pericula
798 1617 914 1678 cernis?

122 1697 271 1755 Demens!
293 1716 349 1756 nec
361 1697 515 1774 Zephyros
530 1698 611 1755 audis
625 1699 732 1776 spirare
746 1698 911 1757 secundos?

123 1775 179 1833 Illa
192 1775 273 1835 dolos
287 1776 438 1853 dirumque
451 1775 532 1833 nefas
546 1775 577 1832 in
590 1782 708 1853 pectore
722 1784 825 1853 versat,

122 1855 211 1913 Certa
223 1855 306 1929 mori,
321 1856 459 1932 varioque
472 1854 578 1912 irarum
592 1854 712 1912 fluctuat
726 1861 806 1912 aestu.

121 1934 153 1993 N
154 1953 191 1992 on
205 1933 281 2011 sugis
294 1934 364 1991 hinc
377 1951 518 2010 praeceps,
533 1933 603 1990 dum
616 1932 795 2010 praecipitare
809 1933 960 2010 potestas?

120 2013 186 2072 Jam
199 2032 277 2072 mare
291 2012 401 2071 turbari
414 2010 553 2087 trabibus,
568 2031 716 2088 saevasque
730 2010 844 2070 videbis

122 2091 277 2150 collucere
290 2092 378 2167 laces,
389 2093 452 2169 jam
465 2090 576 2149 fervere
590 2091 686 2150 littora
698 2090 832 2167 flammis,

122 2171 156 2229 Si
169 2180 198 2230 te
212 2171 258 2230 his
273 2170 397 2247 attigerit
411 2164 492 2228 terris
507 2171 618 2228 Aurora
631 2177 799 2228 morantem.

122 2250 180 2308 Eia
193 2269 256 2326 age,
271 2268 372 2327 rumpe
386 2268 498 2318 moras:
519 2250 631 2309 varium
644 2257 675 2307 et
688 2247 827 2308 mutabile
841 2265 956 2328 semper

22 2373 24 2375 >
122 2329 264 2388 Foemina.
308 2329 356 2386 Sic
370 2328 454 2404 fatus,
469 2330 595 2388 noctise
609 2329 767 2387 immiscuit
781 2336 858 2386 atrae.

159 2408 239 2467 Tum
252 2404 322 2483 verb
335 2406 457 2484 AEneas,
472 2408 574 2466 subitis
589 2408 740 2466 exterritus
753 2405 883 2483 umbris,¹

123 2487 250 2580 Corripit
264 2506 281 2544 e
295 2503 396 2545 somno
411 2506 526 2580 corpus,
541 2487 692 2563 sociosque
706 2484 822 2562 fatigat:

122 2566 292 2645 Pracipites
305 2565 433 2640 vigilate,
448 2565 512 2639 vrri,
528 2573 557 2622 et
571 2564 711 2623 considite
726 2561 874 2635 transtris3

124 2645 234 2705 Solvite
247 2644 313 2703 vela
326 2643 384 2702 citi.
427 2644 519 2718 Deus,
535 2642 643 2700 aethere
656 2642 762 2699 missus
776 2640 812 2699 ab
827 2639 894 2715 alto,

122 2724 275 2783 Festinata
288 2723 387 2800 fugam
401 2722 549 2798 tortosque
562 2720 691 2779 incidere
706 2719 789 2777 funes

122 2803 205 2863 Ecce
218 2804 322 2862 iterum
336 2801 488 2861 stimulat'
518 2799 672 2877 Sequimur
685 2807 724 2874 te,
739 2804 837 2856 sancte
851 2795 980 2871 deorum,

125 2882 265 2960 Quisquis
279 2900 320 2957 es,
334 2880 514 2959 imperioque
528 2881 632 2939 iterum
646 2881 781 2956 paremus
795 2883 923 2936 ovantes.

122 2961 211 3020 Adsis
225 2981 252 3037 o,
267 2960 457 3039 placidusque
467 2962 563 3038 juves,
579 2967 608 3017 et
622 2958 715 3018 sidera
729 2955 803 3034 arelo

124 3041 235 3100 Dextra
248 3039 331 3100 seraa.
374 3037 477 3099 Dixit:
498 3038 661 3115 vaginique
676 3037 717 3094 eri
738 3035 762 3095 it
775 3051 876 3094 ensem

124 3119 322 3195 Fulmineum,
337 3118 492 3196 strictoque
505 3117 572 3176 ferit
584 3118 692 3175 retinac
725 3113 837 3174 alerro.
868 3177 869 3180 ,

125 3199 208 3258 Idem
222 3217 324 3258 omnes
338 3197 424 3256 simul
439 3196 522 3256 ardor
535 3195 640 3255 habet:
663 3196 845 3273 rapiuntque,
859 3198 1020 3269 ruuntque:

124 3277 234 3337 Littora
248 3273 420 3336 deserubre:
440 3275 511 3335 latet
525 3275 579 3335 sub
593 3274 733 3334 classibus
747 3290 860 3352 aequor:

124 3357 234 3416 Adnixi
248 3363 383 3433 torquent
396 3375 524 3434 spumas,
539 3363 569 3414 et
582 3354 688 3412 cerula
699 3360 827 3411 verrunt
899 3363 902 3369 '

163 3435 205 3495 Et
213 3438 276 3516 jam
289 3435 383 3514 prima
395 3453 472 3494 novo
486 3432 638 3512 spargebat
649 3431 761 3491 lumine
773 3437 863 3490 terras

124 3514 247 3574 Tithoni
259 3533 394 3574 croceum
407 3513 543 3591 linquens
556 3516 668 3571 Aurora
682 3509 798 3569 cubile:

124 3593 271 3671 Reginae
285 3591 412 3671 speculis
426 3600 458 3651 ut
470 3588 596 3669 primum
610 3590 758 3649 albescere
771 3585 867 3645 lucem

125 3671 217 3750 Vidit,
232 3679 263 3732 et
276 3671 396 3751 aequatis
410 3670 532 3729 classem
546 3669 704 3748 procedere
717 3665 801 3739 velis,

125 3751 293 3830 Litteraque
307 3758 338 3811 et
350 3769 460 3810 vacuos
468 3748 562 3809 sensit
575 3747 638 3807 sine
652 3744 761 3821 remige
774 3748 893 3822 portus3
