2370 4176
528 194 682 252 ECLOGA
700 193 738 251 V«

134 341 215 420 Ergo
230 342 332 402 alacris
345 342 432 402 silvas
446 351 476 402 et
488 353 592 403 caetera
605 364 671 403 rura
683 344 818 423 voluptas

78 478 80 481 .
133 421 273 500 Panaque
286 431 471 499 pastoresque
485 431 575 498 tenet,
589 422 782 500 Dryadasque
790 424 922 516 puellas⁴3

113 537 116 541 -
132 499 166 560 N
167 519 201 559 ec
214 500 301 577 lupus
313 501 555 577 insidiaspecori,
568 519 623 559 nec
638 502 709 559 retia
721 520 814 560 cervis

133 578 206 638 Ulla
218 579 317 644 dolum
330 578 521 638 meditantur:
544 587 620 638 amat
632 579 727 638 bonus
740 581 799 639 otia
812 581 955 658 Daphnis.

134 656 195 734 Ipsi
208 657 308 717 laetiua
322 676 410 717 voces
424 657 460 715 ad
474 659 569 715 sidera
577 660 689 736 jactant

134 735 247 794 Intonsi
261 745 392 810 montes;
413 737 483 813 ipsae
492 737 555 815 jam
567 736 696 794 carmina
708 755 803 814 rupes,

135 813 203 891 Ipsa
216 823 320 872 sonant
333 814 465 872 arbusta:
487 833 576 890 nnus,
590 814 668 872 uisus
684 821 938 890 immurmures!

175 893 221 950 Sis
235 892 328 951 honus
343 913 360 950 ο
373 893 501 969 felixque
515 894 591 950 tuis!
614 911 651 950 en
666 902 788 970 quatuor
801 913 883 968 aras,

134 969 216 1028 Ecce
230 971 301 1029 duas
314 971 376 1046 tibi,
390 971 510 1048 Daphni
524 991 532 1043 ;
555 971 635 1046 duas,
652 971 750 1029 altaria
762 971 885 1044 Phoebo.

133 1048 244 1106 Pocula
257 1048 326 1107 bina
338 1068 413 1106 novo
428 1050 590 1126 spumantia
603 1048 677 1107 lacte
692 1049 845 1126 quotannis

135 1127 325 1204 Craterasque
339 1127 396 1184 duo
411 1136 532 1185 statuam
546 1126 600 1185 tibi
612 1129 728 1204 pinguis
741 1127 830 1200 olivi;

134 1205 176 1264 Et
188 1204 279 1264 multo
293 1206 436 1281 inprimis
450 1206 577 1262 hilarans
591 1206 725 1263 convivia
737 1206 866 1281 Baccho,

133 1285 212 1342 Ante
226 1283 372 1358 locum,'si
384 1283 475 1358 frigus
490 1283 552 1356 erit,
568 1283 592 1339 si
605 1283 718 1358 messis,
731 1284 762 1340 in
775 1285 887 1361 umbri,

133 1361 213 1419 Vina
225 1381 333 1422 novum
345 1362 465 1419 fundam
479 1360 599 1418 calathis
613 1360 729 1418 Ariusia
741 1371 839 1420 nectar
851 1382 857 1419 :

134 1438 300 1499 cantabunt
313 1440 385 1497 mihi
399 1440 549 1497 Damoetas
564 1447 594 1497 et
606 1439 728 1515 Lyctius
740 1440 838 1515 AEgon
851 1461 858 1514 ;

135 1517 277 1577 Saltautes
293 1505 408 1594 Satyros
422 1518 579 1577 imitabitur
592 1517 806 1595 Alphesiboeus.

135 1596 209 1655 Haec
223 1597 276 1655 tibi
289 1610 403 1673 semper
417 1605 509 1671 erunt,
525 1604 554 1653 et
566 1616 655 1672 quum
670 1597 810 1655 solemnia
822 1605 890 1656 vota

132 1673 302 1734 Reddemus
316 1669 472 1752 Nymphis,
488 1685 517 1733 et
530 1694 618 1751 quum
632 1674 815 1734 lustrabimus
830 1695 920 1753 agros.

134 1753 212 1812 Dum
222 1756 294 1833 juga
307 1754 413 1812 montis
428 1773 505 1831 aper,
519 1753 622 1811 fluvios
637 1755 706 1812 dum
718 1754 806 1831 piscis
821 1754 937 1830 amabit,

133 1831 269 1909 Dumque
283 1833 384 1908 thymo
397 1840 553 1910 pascentur
566 1852 646 1909 apes,
661 1833 730 1890 dum
743 1851 806 1890 rore
820 1833 938 1907 eieadae,

134 1909 255 1988 Semper
267 1911 361 1969 honos
374 1930 538 1988 nomenque
552 1919 633 1968 tuum
647 1909 806 1987 laudesque
820 1911 987 1970 manebunt.

133 1988 176 2048 Ut
188 1985 306 2047 Baccho
321 1990 489 2066 Cererique,
503 1989 556 2047 tibi
570 1989 611 2047 sic
625 1997 693 2047 vota
706 1990 860 2065 quotannis

132 2067 276 2144 Agricolae
290 2068 415 2126 sacient:
438 2068 588 2126 damnabis
603 2075 633 2125 tu
646 2087 761 2144 quoque
775 2067 858 2126 votis.

563 2207 686 2255 nomm.

134 2265 209 2336 Quae
222 2265 284 2342 tibi,
299 2286 362 2344 quae
376 2268 426 2326 tali
440 2267 559 2326 reddam
572 2286 623 2343 pro
638 2267 764 2325 carmine
778 2267 878 2324 dona?

131 2345 211 2403 Nam
226 2364 321 2423 neque
336 2365 383 2404 me
397 2345 508 2405 tantdm
521 2345 666 2408 venientis
680 2345 779 2404 sibilus
794 2345 892 2420 austri,

132 2423 198 2482 Nec
211 2440 347 2501 percussa
356 2428 460 2503 juvant
474 2424 563 2482 ductu
577 2431 635 2482 tam
648 2424 752 2498 littora,
766 2440 821 2482 nec
835 2442 913 2501 quae

134 2501 257 2561 Saxosas
271 2503 346 2562 inter
360 2500 514 2562 decurrunt
527 2503 647 2561 flumina
659 2503 759 2560 valles.

131 2698 198 2757 Hae
211 2708 241 2759 te
254 2719 308 2758 nos
321 2699 414 2776 fragili
429 2639 790 2759 donabiidhldhhidscicutia
802 2662 816 2753 τ’

131 2779 205 2837 Haec
218 2798 283 2854 nos,
305 2779 506 2837 “Formosum
520 2778 656 2856 Corydon
672 2775 790 2834 ardebat
803 2774 911 2833 Alexin
924 2773 953 2828 :”

131 2857 205 2916 Haec
219 2859 322 2917 eadem
336 2858 442 2933 docuit,
465 2858 484 2891 “
494 2857 602 2950 Cujum
615 2857 727 2934 pecus?
750 2873 786 2912 an
800 2844 935 2912 Meliboei
946 2851 979 2908 ?'‘

131 3057 170 3115 At
183 3064 215 3115 tu
229 3074 312 3115 sume
325 3055 443 3132 pedum,
458 3054 545 3132 quod,
560 2993 710 3131 drdpdddm
724 3049 802 3129 saepe
817 3058 939 3127 rogaret,

131 3134 162 3194 N
163 3155 200 3194 on
210 3129 280 3194 ulit
292 3134 453 3209 Antigenes
472 3132 517 3210 (et
530 3141 591 3191 erat
603 3141 664 3191 tum
678 3131 782 3208 dignus
796 3128 914 3206 amari),

33 3277 35 3282 ,
132 3215 304 3274 Formosum
318 3212 533 3350 pzaqibusnodis
549 3219 633 3289 atque
647 3229 713 3286 aere,
727 3209 880 3301 Menalcav
954 3253 955 3259 κ
1080 3205 1122 3261 90
