2370 4176
502 201 617 257 LIBIIR
635 201 686 258 m.

106 347 221 406 Interea
235 348 477 431 dulcespendent
489 349 598 407 circum
611 349 710 409 osenla
722 351 804 426 nati}
814 359 840 419 [a
857 370 866 408 ·.

104 426 192 484 Casta
204 424 480 504 pudicitiamservat
493 427 617 500 domus3
635 427 725 486 ubera
736 445 842 490 vacere
868 454 872 460 ·

104 505 212 586 Lactea
224 504 403 576 aeminenti
418 505 599 582 pinguesque
613 506 643 563 in
657 507 785 581 §amine
798 507 867 568 leto

104 581 183 639 Inter
200 600 231 638 se
246 581 373 640 adversis
386 581 533 640 luctantur
545 581 679 640 cornibus
692 583 778 641 haedi.
932 615 946 636 .
970 599 974 606 ·

142 658 210 734 Ipse
224 659 287 716 dies
301 659 389 734 agitat
400 659 488 717 festos
499 680 507 734 ς
529 658 666 737 fususque
679 679 732 738 per
745 661 874 738 herbam,

104 736 183 811 Ignis
196 736 247 794 ubi
260 738 291 794 in
304 737 411 811 medio,
425 745 455 796 et
468 737 540 796 socii
552 745 661 796 cratera
673 749 821 815 coronant,

104 815 147 872 Te
160 813 265 890 libans,
280 816 397 889 Lenee,
411 823 514 888 vocat;
535 815 634 892 pecori
668 835 706 874 ne
720 818 863 893 magistris

74 905 78 912 ·
103 891 222 953 Velocis
232 892 323 971 jaculi
336 892 494 950 certamina
506 895 588 969 ponit
600 893 631 950 in
675 913 742 968 mo;

103 970 288 1046 corporaque
302 971 406 1046 agresti
414 971 529 1028 nudant
540 973 674 1048 proedura
685 972 826 1048 palaestrri.

141 1049 229 1106 Hanc
243 1048 312 1106 olim
325 1057 439 1107 veteres
453 1049 541 1106 vitam
554 1048 670 1108 coluere
680 1050 795 1125 Sabini,

104 1125 188 1184 Hanc
201 1127 313 1184 Remus
328 1134 357 1186 et
369 1125 473 1200 frater;
496 1127 537 1184 sic
550 1126 630 1186 sortis
644 1128 762 1186 Etruria
774 1128 866 1188 crevit

105 1204 231 1278 Scilicet,
246 1213 276 1263 et
288 1223 387 1263 rerum
396 1203 471 1263 facta
484 1214 528 1263 est
540 1206 733 1282 pulcherrima
746 1205 851 1284 Roma,
880 1257 891 1273 ,,

105 1283 280 1359 Septemque
293 1301 352 1341 una
363 1281 419 1341 sibi
433 1285 517 1340 muro'
528 1284 718 1342 circumdedit
731 1303 820 1343 arces.

103 1363 179 1418 Ante
193 1361 281 1419 etiam
295 1369 440 1438 sceptrum
453 1360 560 1419 Dictaei
573 1362 658 1436 regis,
672 1369 702 1420 et
715 1358 781 1420 ante

104 1439 195 1516 Impia
208 1436 296 1516 quim
309 1438 390 1498 caesis
404 1458 476 1516 gens
490 1447 534 1498 est
547 1440 662 1516 epulata
671 1440 815 1518 juvencis,

101 1520 215 1575 Aureus
225 1516 300 1575 hanc
314 1517 402 1576 vitm
416 1517 447 1575 in
459 1518 541 1576 terris
556 1519 695 1576 Summus
710 1517 821 1594 agebat.

102 1594 237 1653 Necdum
251 1595 337 1654 etiam
352 1595 500 1655 audierant
512 1596 605 1654 inflari
619 1597 748 1672 classica,
761 1596 887 1656 necdum

102 1674 254 1749 Impositos
268 1674 347 1742 duris
360 1675 499 1750 crepitare
513 1674 665 1734 incudibus
680 1694 774 1734 enses.
793 1720 795 1724 -

140 1753 198 1810 Sed
212 1771 266 1810 nos
279 1753 453 1812 immensum
467 1753 566 1830 spatiis
579 1753 757 1812 confecimus
771 1772 886 1829 aeqnor;

102 1826 141 1887 Et
148 1833 211 1907 jam
225 1839 344 1910 tempus,
355 1830 462 1908 equrim
476 1831 615 1893 sumanus
628 1831 740 1892 solvere
754 1831 836 1890 colla.

336 2187 850 2316 euonoloonuru
909 2251 912 2260 ·

414 2428 544 2488 LIBER
572 2419 767 2490 TERTIUS.

99 2546 144 2604 Te
160 2564 285 2623 quoque,
299 2565 405 2622 magna
417 2547 513 2624 Pales,
528 2557 558 2606 et
571 2557 609 2622 te,
625 2547 821 2621 memorande,
837 2563 985 2621 canemus,

97 2623 198 2682 Pastor
211 2624 247 2682 ab
261 2614 527 2702 Amphrysd'}'‘v0s,
542 2627 632 2701 silvae,
655 2631 814 2701 amnesque
829 2625 943 2700 Lycei.v

99 2703 221 2777 Caetera,
236 2722 300 2778 quae
315 2722 421 2761 vacuas
434 2705 595 2762 tenuissent
608 2704 735 2762 carmine
749 2709 872 2772 mentes,

99 2780 204 2838 Omnia
213 2783 275 2858 jam
289 2781 421 2856 vulgata:
443 2783 506 2857 quis
521 2791 569 2839 aut
582 2780 748 2855 Eurysthea
762 2778 875 2851 durum,

98 2861 157 2917 Aut
169 2859 299 2918 illaudati
313 2861 406 2917 nescit
419 2860 562 2918 Busiridis
577 2859 661 2916 aras?
1065 2858 1084 2910 5

99 2938 153 2996 Cui
167 2956 227 2994 non
241 2937 335 2995 dictus
349 2937 442 3014 Hylas
454 2957 537 3014 puer,
552 2946 582 2994 et
595 2935 718 2993 Latonia
731 2933 833 3008 Delos,

99 3016 340 3093 Hippodameque
364 3016 543 3091 humeroque
557 3013 665 3089 Pelops
678 3013 801 3089 insignis
814 3011 935 3087 eburno,

98 3095 174 3151 Acer
187 3093 292 3169 equis?
333 3058 486 3152 'lentanda
499 3093 547 3150 via
561 3101 613 3166 est,
628 3091 685 3168 qui
699 3110 746 3149 me
761 3108 875 3167 quoque
888 3088 998 3166 possim

98 3171 214 3230 Tollere
229 3172 327 3246 humo,
339 3173 490 3247 victorque
504 3170 597 3228 virum
612 3169 733 3227 volitare
746 3186 871 3248 perora.

97 3250 211 3308 Primus
225 3268 279 3325 ego
293 3250 323 3308 in
337 3251 458 3327 patriam
472 3267 598 3322 meeum,
613 3244 700 3305 modo
714 3247 775 3306 vita
788 3246 921 3323 supersit,
1045 3247 1083 3300 le

97 3329 193 3387 Aonio
208 3328 323 3386 rediens
337 3329 479 3390 deducam
492 3327 601 3386 vertice
615 3326 734 3384 Musas:
786 3361 793 3373 ·

97 3408 210 3465 Primus
225 3406 369 3465 Idumaeas
383 3407 504 3478 reserem
517 3405 580 3480 tibi,
596 3405 728 3479 Mantua,
742 3401 872 3479 palmas;

97 3486 137 3544 Et
147 3485 232 3543 viridi
247 3485 280 3542 in'
292 3504 394 3562 campo
409 3484 552 3562 templum
566 3483 603 3541 de
617 3499 758 3540 marmore
772 3497 889 3555 ponam,
1006 3532 1009 3536 ,

96 3561 218 3640 Propter
233 3581 346 3639 aquam,
361 3565 448 3622 tardis
462 3564 566 3637 ingens
579 3560 629 3618 ubi
642 3559 767 3617 flexibus
780 3562 854 3614 errat
880 3636 883 3642 ,

96 3642 237 3715 Mincius,
252 3649 282 3698 et
294 3642 394 3699 teneri
407 3640 543 3718 praetexit
557 3631 696 3696 arundine
708 3637 793 3711 ripas·
835 3707 842 3722 .
1038 3628 1089 3714 ,1ζῦ

97 3720 136 3780 In.
145 3719 244 3778 medio
258 3718 330 3826 mihi
344 3719 443 3777 Caesar
457 3719 520 3794 erit,
534 3715 732 3794 templumque
745 3707 865 3772 tenebit.
