2400 4178
115 174 171 233 tut
519 171 702 227 mNelDos

116 322 225 395 lunoni
239 330 305 382 ante
319 338 430 397 omnes,
444 319 493 379 oui
505 319 602 379 vincla
610 319 722 397 jugalia
733 338 819 378 eure.

118 388 196 478 ipsa,
210 410 313 460 tenens
326 398 428 457 dextri
440 407 578 475 pateram,
591 397 785 473 pulcherrima
797 397 877 457 Dido

118 478 278 538 candentis
292 496 388 536 vaocae
403 476 500 534 media
512 476 586 533 inter
599 494 707 532 cornua
719 475 829 533 fundit:

118 560 179 615 Aut
191 565 257 617 ante
271 575 321 612 ora
335 555 422 613 desim
456 554 558 629 ingues
571 553 709 629 spatiatur
723 553 759 611 ad
773 572 845 627 aras,
944 624 948 631 Ι

119 634 316 709 Instauratque
329 633 407 691 diem
422 574 515 707 diruis,
528 631 732 711 pecudumque
746 630 865 689 reclusis

117 711 288 773 Pectoribus
302 709 426 786 inhians,
441 709 579 784 spirantia
592 709 716 767 consulit
729 718 804 767 exta

118 776 206 847 Heu!
228 797 326 847 vatum
340 786 446 861 gnara>
461 787 591 843 mentes!
613 784 684 859 quid
698 793 765 843 vota
778 786 930 862 furentem,

116 866 200 938 Quid
213 865 334 925 delubra
341 865 468 955 juvant?
490 871 535 922 est
547 861 641 920 mollis
655 862 771 920 flamma
784 863 924 923 medullas
970 894 980 921 .-

117 943 243 1018 lnterea,
258 952 288 1001 et
301 950 420 1000 tacitum
433 941 505 999 vivit
518 941 573 1000 sub
586 949 702 1017 pectore
716 941 830 999 vulnus.

119 1015 219 1081 Uritur
231 1020 332 1078 infelix
348 1019 436 1094 Dido,
451 1019 568 1095 totique
581 1027 700 1094 vagatur

119 1098 200 1159 Urbe
214 1100 331 1158 furens:
353 1097 445 1176 qualis
460 1097 591 1175 conjecti
604 1115 690 1153 cerva
702 1096 815 1172 sagitti,

120 1172 216 1247 Quam
229 1176 330 1253 procul
344 1175 489 1235 incautam
503 1194 622 1233 nemora
634 1175 708 1232 inter
722 1175 824 1232 Cresia
837 1175 901 1234 lixit

118 1253 221 1313 Pastor
235 1273 323 1330 agens
336 1252 410 1329 telis,
425 1252 565 1332 liquitque
579 1253 695 1311 volatile
709 1253 814 1310 serrum

119 1332 151 1391 N
153 1332 267 1406 escius;
288 1332 338 1390 illa
351 1331 418 1408 lugd
433 1331 520 1390 silvas
533 1332 680 1407 saltusque
693 1339 825 1408 peragrat

120 1409 249 1469 Dictaeos
260 1430 267 1467 :
288 1410 381 1473 haret
393 1410 475 1468 lateri
488 1410 582 1468 letalis
596 1408 713 1467 arundo.

119 1488 210 1555 Nune
223 1487 319 1546 media
331 1484 448 1546 AEnean
462 1506 560 1545 secum
573 1506 626 1563 per
639 1485 747 1543 moenia
759 1485 848 1560 duoit,

123 1564 314 1640 Sidoniasque
327 1572 452 1622 ostentat
465 1584 544 1641 opes,
560 1564 717 1642 urbemque
731 1572 858 1640 paratam
871 1583 878 1621 :

121 1642 229 1720 Incipit
242 1642 331 1717 effari,
346 1641 501 1720 mediisque
514 1643 544 1700 in
558 1661 630 1700 voce
644 1642 758 1700 resistit

120 1719 152 1778 N
153 1739 210 1778 unc
224 1720 336 1795 eadem,
350 1720 465 1778 labente
480 1721 538 1798 die,
552 1721 686 1779 convivia
699 1720 812 1798 quaerit,

122 1797 284 1874 Iliacosque
298 1799 401 1857 iterum
416 1799 536 1858 demens
551 1799 651 1857 audire
664 1797 777 1857 labores

121 1874 273 1953 Exposcit,
287 1877 454 1955 pendetque
468 1877 570 1937 iterum
585 1878 724 1936 narrantis
739 1877 774 1935 ab
788 1896 847 1935 ore.

120 1944 202 2030 Pdst,
216 1953 268 2013 ubi
282 1955 412 2031 digressi,
426 1956 584 2036 lumenque
597 1955 720 2013 obscura
732 1956 860 2014 altissim

121 2031 205 2090 Luna
217 2034 331 2109 premit,
345 2034 526 2112 suadentque
539 2033 672 2093 cadentia
684 2034 779 2092 sidera
791 2053 917 2110 somnos,

123 2110 192 2168 Sola
205 2112 290 2169 domo
304 2120 406 2169 moeret
419 2113 521 2186 vacui,
535 2112 686 2187 stratisque
700 2111 806 2170 relictis

123 2187 263 2248 lucubat:
284 2189 367 2246 illum
381 2188 485 2263 absens
500 2188 647 2247 absentem
662 2188 798 2264 auditque
811 2189 967 2268 videtque;

121 2267 182 2400 ssut
195 2265 485 2341 gremioAscanium,
500 2267 636 2401 qenitoris
650 2267 775 2342 imagine
789 2276 882 2345 capta,

43 2352 46 2357 '
153 2343 252 2418 minet,
266 2344 416 2402 infandum
431 2345 455 2402 si
469 2344 506 2402 sal
519 2363 567 2402 ere
580 2345 672 2422 possit
685 2364 820 2403 amorem.

121 2421 153 2479 N
154 2440 192 2478 on
207 2430 310 2499 coeptoe
325 2432 476 2498 assurgunt
489 2432 599 2497 turres3
620 2443 679 2480 non
693 2432 924 2559 armaquventus

122 2498 270 2573 Exercet3
291 2508 427 2576 portusve
452 2509 501 2559 aut
512 2501 729 2578 propugnacula
741 2501 778 2560 be
790 2502 818 2560 lo

122 2576 200 2635 Tuta
212 2586 331 2655 parant:
352 2574 411 2655 pen
433 2588 483 2637 ent
496 2599 583 2656 opera
596 2580 764 2656 interrupta,
779 2582 924 2658 minaeque

122 2654 273 2735 biurorum
287 2655 429 2734 ingentes,
444 2666 614 2737 aequataque
628 2659 762 2718 machina
775 2659 857 2718 eoelo.

163 2733 260 2806 Quam
274 2734 360 2794 simul
375 2755 408 2794 ac
422 2737 472 2796 tali
484 2739 628 2815 persensit
639 2746 723 2815 peste
736 2737 828 2796 teneri

123 2811 198 2871 Cara
210 2813 291 2893 ,lovis
305 2817 421 2891 ouu'ux,
436 2835 491 2875 neo
504 2817 611 2874 samam
625 2815 738 2873 obstare
751 2815 858 2888 furori;

123 2889 243 2950 Talibus
257 2911 343 2967 aggre
364 2894 420 2952 ‘tur
432 2894 579 2951 Venerem
595 2893 728 2951 Saturnia
740 2892 844 2952 dietis:

124 2968 280 3045 Egregium
293 2968 362 3028 verb
376 2971 491 3028 laudem
507 2980 536 3029 et
548 2970 642 3048 spolia
654 2969 751 3047 ampla
763 2970 874 3029 refertis

124 3045 232 3123 Tuque
266 3067 374 3124 uerque
387 3057 464 3123 tuus,
479 3069 615 3126 magnum
629 3056 659 3106 et
671 3048 858 3106 memorabile
872 3067 989 3128 nomen,

122 3120 192 3183 Una
206 3069 272 3183 doio
286 3126 384 3184 divirm
398 3127 423 3184 si
436 3127 556 3186 soemina
568 3129 645 3187 victa
658 3128 781 3184 duorum
796 3128 857 3184 est!

123 3202 155 3260 N
156 3220 190 3260 ec
204 3223 251 3261 me
265 3201 337 3262 aded
351 3204 425 3264 fallit
436 3205 557 3264 veritam
571 3215 599 3265 te
613 3205 721 3264 monia
732 3212 838 3281 nostra,

125 3279 280 3358 Suspectus
293 3281 430 3355 habuisse
443 3285 546 3343 domos
560 3284 742 3360 Carthaginis
757 3283 830 3342 altae.

126 3359 185 3418 Sed
200 3361 263 3437 quis
277 3361 332 3420 erit
344 3361 469 3421 modus?
491 3372 541 3422 aut
553 3360 610 3442 qud
625 3382 702 3421 nunc
716 3363 874 3421 certamina
885 3364 987 3431 tuan?

178 3439 184 3453 '
220 3436 316 3516 potiris
328 3460 432 3519 pacem
447 3449 583 3500 aeternam
597 3450 755 3519 pactosque
768 3442 939 3520 hymenaeos

155 3520 330 3576 irercemus?
354 3518 445 3579 habes
459 3520 518 3580 tota
532 3519 609 3598 quod
623 3527 721 3579 mente
734 3519 851 3602 petisti:
1052 3524 1112 3583 100

124 3595 216 3654 Ardet
230 3615 329 3655 amans
343 3599 431 3675 Dido,
445 3599 588 3675 traxitque
601 3618 655 3675 per
667 3619 733 3658 ossa
745 3601 879 3663 furorem.

126 3671 322 3734 Communem
337 3676 416 3736 hunc
431 3697 499 3754 ergo
510 3677 650 3755 populum
664 3680 838 3759 paribusque
852 3696 984 3755 regamus
