2370 4176
513 189 627 249 tunna
645 193 671 250 L

98 339 212 401 ltaliam
226 359 324 418 quaero
337 339 467 418 patriam,
482 361 574 417 genus
589 343 624 400 ab
637 343 711 402 Jove
725 361 858 404 summo:

96 418 151 480 Bis
166 419 249 477 denis
262 419 422 494 Phrygium
437 421 594 478 conscendi
607 421 729 481 navibus
743 440 851 497 aequor,

97 497 195 558 Matre
209 497 265 554 ded
279 503 457 555 monstrante
470 498 557 573 viam,
572 499 639 556 data
650 498 710 558 fata
722 509 836 558 secutus
847 520 856 574 ;

97 574 160 634 vix
173 583 286 652 septem
299 574 444 633 convulsae
457 575 543 633 undis
556 576 694 653 Euroque
708 587 868 654 supersunt.
966 593 968 597 ⁴

99 652 166 730 lpse
180 654 305 729 ignotus,
321 671 419 728 egens,
434 653 536 729 Libyae
551 654 664 712 deserta
676 673 806 731 peragro,

98 731 220 808 Europd
235 739 319 807 atque
333 731 405 788 Asia
416 731 525 808 pulsus.
567 732 599 790 N
600 751 634 807 ee
646 733 729 809 plura
742 743 911 809 querentem

98 809 190 868 Passa
204 809 317 884 Venus,
331 809 427 867 medio
441 809 484 867 sic
497 809 630 871 interfata
643 811 742 869 dolore
755 820 818 870 est:

139 887 279 964 Quisquis
293 906 334 963 es,
348 888 435 962 baud,
451 888 546 963 credo,
560 889 670 946 invisus
684 889 849 949 caelestibus
863 911 944 951 auras

98 966 212 1024 Vitaies
227 966 328 1060 carpis,
341 966 462 1042 Tyriam
476 968 525 1042 qui
539 966 688 1025 adveneris
701 968 811 1026 urbem.

98 1043 194 1119 Perge
208 1045 305 1118 modo,
321 1052 407 1120 atque
421 1044 490 1102 binc
503 1053 531 1102 te
545 1045 652 1120 reginae
665 1047 701 1103 ad
715 1046 815 1104 limina
827 1047 929 1125 perfer.
983 1053 985 1056 ’

99 1119 237 1198 Namque
250 1122 302 1180 tibi
316 1124 435 1181 reduces
449 1123 542 1181 socios
556 1124 735 1200 classemque
748 1125 867 1184 relatam

99 1199 222 1276 Nuntio,
237 1209 266 1258 et
279 1201 309 1260 in
324 1209 417 1259 tutum
430 1200 520 1259 versis
533 1203 726 1278 Aquilonibus
740 1213 852 1278 actam;

99 1278 142 1337 Ni
154 1279 257 1337 frustra
270 1279 422 1355 augurium
435 1280 503 1337 vani
518 1279 641 1338 docuere
653 1290 796 1358 parentes.

99 1357 228 1434 Adspice
241 1357 286 1416 bis
300 1377 386 1416 senos
400 1358 529 1416 laetantes
543 1359 656 1434 agmine
671 1378 786 1436 cycnos,
882 1388 885 1392 ·

98 1435 235 1494 AEtherid
248 1456 320 1513 quos
333 1437 413 1514 lapsa
425 1437 510 1513 plagi
523 1438 604 1494 Jovis
619 1437 678 1495 ales
693 1447 790 1515 aperto

99 1513 248 1572 Turbabat
261 1515 354 1572 coelo:
375 1534 452 1572 nunc
466 1524 555 1574 terras
568 1515 668 1573 ordine
682 1515 769 1592 longo
860 1509 864 1516 ¹

100 1594 161 1651 Aut
174 1611 287 1669 capere,
302 1601 351 1651 aut
363 1601 461 1670 captas
470 1595 533 1671 J'am
546 1595 714 1671 despectare
726 1595 868 1653 videntur.

101 1671 145 1731 Ut
157 1672 277 1729 reduces
291 1672 333 1729 ilii
347 1672 452 1729 ludunt
464 1671 649 1731 stridentibus
664 1673 726 1746 alis,
828 1720 833 1727 ,
888 1672 890 1675 ’

100 1749 143 1808 Et
156 1757 231 1808 coetu
245 1749 362 1817 cinxere
376 1750 486 1827 polum,
501 1759 659 1827 cautusque
673 1749 798 1823 dedere5

100 1827 191 1886 Haud
205 1828 286 1886 aliter
298 1848 469 1906 puppesque
483 1837 551 1904 tue,
564 1829 714 1906 pubesque
727 1837 851 1903 tuorum,

99 1908 162 1965 Aut
174 1915 287 1984 portum
301 1916 391 1983 tenet,
407 1915 456 1965 aut
467 1907 555 1984 pleno
569 1906 645 1964 subit
659 1907 732 1965 ostia
745 1908 819 1965 velo.

99 1984 195 2061 Perge
210 1983 305 2061 modd,
321 1994 351 2044 et
364 1987 421 2062 qud
435 1995 463 2044 te
478 1985 557 2043 ducit
569 1986 618 2043 via
631 1986 721 2061 dirige
735 2005 873 2061 gressum.

140 2064 233 2139 Dixit,
249 2073 277 2122 et
291 2073 423 2122 avertens
437 2065 520 2122 rosed
534 2065 646 2122 cervice
659 2064 779 2139 refulsit,

99 2141 320 2218 Ambrosiasque
335 2162 426 2201 oomae
441 2144 571 2200 divinum
584 2143 693 2203 vertice
707 2144 825 2201 odorem
886 2171 896 2183 x

102 2219 275 2298 Spiravdre;
296 2222 385 2297 pedes
399 2222 489 2279 vestis
503 2221 625 2279 defluxit
638 2222 674 2279 ad
688 2222 761 2279 imos
773 2243 781 2294 3

101 2297 143 2357 Et
155 2319 225 2357 vera
237 2299 352 2357 incessu
367 2300 459 2376 patuit
473 2300 535 2357 dea.
579 2300 642 2374 lile,
657 2299 707 2356 ubi
721 2308 841 2357 matrem

101 2378 238 2452 Agnovit,
253 2378 303 2435 tali
317 2377 475 2453 fugientem
489 2388 534 2436 est
546 2397 618 2455 voce
633 2387 747 2436 secutus
763 2399 769 2434 :

103 2454 183 2525 Quid
196 2465 295 2514 natum
310 2459 404 2531 toties,
419 2457 543 2524 crudelis
556 2466 587 2514 tu
601 2476 726 2533 quoque,
740 2455 819 2513 falsis

101 2533 193 2591 Ludis
207 2534 402 2610 imaginibus?
425 2554 475 2592 cur
489 2535 597 2592 dextrae
606 2538 729 2613 jungere
745 2535 875 2591 dextram

101 2610 172 2670 Non
187 2612 277 2686 datur,
293 2632 326 2677 ao
341 2632 422 2670 veras
437 2613 534 2670 audire
549 2621 578 2670 et
591 2614 711 2670 reddere
725 2615 834 2670 voces?

102 2689 224 2748 Talibus
237 2692 359 2766 incusat,
373 2710 562 2767 gressumque
577 2691 613 2747 ed
627 2691 734 2748 muenia
747 2690 848 2747 tendit.

98 2769 142 2841 'At
155 2768 258 2827 Venus
272 2768 393 2826 obscuro
408 2770 570 2844 gradientes
585 2772 651 2826 abre
666 2768 763 2844 sepsit,

102 2845 145 2904 Et
157 2846 248 2905 multo
263 2846 376 2904 nebulae
392 2845 500 2913 oircrim
515 2848 570 2905 dea
583 2847 656 2904 fudit
669 2846 784 2920 amictu,

103 2924 231 2982 Cernere
244 2944 282 2982 ne
297 2927 360 3002 quis
374 2945 434 3000 eos,
448 2944 507 2983 neu
521 2926 584 3002 quis
599 2924 766 3000 contingere
780 2931 887 2999 posset,

102 3002 240 3060 Molirive
254 3022 373 3077 moram,
388 3011 437 3061 aut
449 3003 586 3061 veniendi
599 3022 719 3079 poscere
733 3021 842 3061 causas.

103 3081 172 3158 Ipsa
185 3081 319 3158 Paphum
335 3078 466 3140 sublimis
480 3082 549 3156 abit,
565 3082 706 3158 sedesque
721 3081 819 3139 revisit

102 3161 187 3218 Laeto
201 3179 276 3236 suas,
291 3161 342 3218 ubi
356 3161 496 3237 templum
510 3161 562 3234 illi,
577 3168 751 3235 centumque
767 3159 870 3217 Sabaeo

103 3237 204 3296 Thure
219 3239 316 3296 calent
329 3258 394 3312 arae,
409 3240 549 3314 sertisque
563 3238 726 3296 recentibus
739 3238 847 3296 balant.

143 3316 317 3393 Corripuere
330 3317 408 3374 viam
421 3317 541 3391 intereo,
556 3317 614 3392 qud
627 3317 730 3374 semita
742 3323 888 3374 monstrat.

103 3394 227 3471 Jamque
242 3395 437 3453 ascendebant
451 3394 556 3453 collem
570 3394 620 3470 qui
632 3394 773 3472 plurimus
788 3393 852 3451 urbi

104 3472 252 3548 imminet,
267 3474 459 3548 adversasque
473 3475 621 3550 adspectat
634 3474 759 3550 desuper
773 3489 862 3528 arces.

104 3552 228 3610 Miratur
241 3552 348 3609 molem
363 3551 484 3626 AEneas,
499 3551 622 3626 magalia
635 3551 799 3626 quondam;

105 3629 228 3688 Miratur
241 3638 347 3707 portas,
362 3630 578 3705 strepitumque,
593 3637 623 3686 et
635 3637 721 3686 strata
734 3626 853 3682 riarum.

107 3706 218 3768 instant
226 3711 364 3775 ardentes
378 3707 480 3784 Tyrii:
501 3727 567 3784 pars
581 3708 686 3764 ducere
700 3721 809 3782 muros,

344 3790 363 3844 8
374 3786 391 3819 1

1046 202 1084 258 89
1118 258 1121 262 .

1023 353 1081 408 380
