2400 4178
85 162 142 219 ttae
487 162 672 221 AENEIDOS

86 312 225 371 Condunt
238 330 270 369 se
284 311 391 371 Teucri
404 320 510 390 portas,
524 320 554 371 et
567 310 675 371 moenia
687 311 845 389 complent.

84 391 224 467 Namque
237 390 278 450 ita
290 390 443 449 discedens
456 398 635 468 preceperat
647 391 775 466 optimus
789 391 876 450 armis
1047 400 1089 457 40

85 470 197 527 AEneas
210 490 216 525 :
239 469 263 527 si
277 487 334 545 qua
344 468 454 527 interes
465 468 580 527 fortuna
593 467 705 543 luisset,

86 547 135 606 Ne
147 556 257 607 sunere
271 546 409 605 auderent
423 548 526 622 aciem,
540 566 598 605 neu
612 546 731 605 credere
744 566 866 627 campo;

86 626 189 683 Castra
202 622 287 683 modd
303 631 333 683 et
345 634 421 683 tutos
435 633 582 683 servarent
595 643 700 702 aggere
712 644 819 683 muros.

85 703 175 779 Ergo,
190 703 243 761 etsi
258 702 389 761 conferre
403 722 519 761 manum
533 702 648 779 pudori
701 723 737 761 ue
751 710 900 781 munseo,

86 781 236 858 Objiciunt
247 790 344 859 portas
357 790 464 856 tamen,
479 789 509 841 et
520 799 638 858 precep
672 790 834 859 -acessunt,
1037 792 1087 845 45

84 860 252 937 Armatique
266 860 345 917 cavis
359 868 529 936 exspectent
542 859 666 917 turribus
678 859 801 918 hostem.

85 938 211 1013 Turnus,
227 946 258 996 ut
272 936 337 995 ante
352 938 452 996 volans
465 939 577 996 tardum
590 946 777 1013 precesserat
789 958 906 1015 agmen,

85 1016 196 1091 Viginti
208 1017 289 1074 lectis
304 1017 433 1093 equitum
447 1017 608 1091 comitatus,
622 1024 653 1075 et
666 1016 730 1075 urbi

85 1094 261 1170 lmprorisus
276 1095 373 1166 adest3
395 1095 516 1152 maculis
530 1114 618 1170 quem
632 1093 774 1153 Thracius
787 1094 861 1155 albis

84 1172 182 1231 Portat
196 1194 295 1250 equus,
311 1174 454 1249 cristaque
467 1173 539 1248 tegit
552 1174 634 1249 galea
648 1192 735 1231 aurea
746 1170 843 1233 iubrd.
1042 1184 1084 1239 50

84 1251 194 1328 Ecquis
208 1254 262 1310 erit
275 1271 400 1325 mecum,
411 1254 560 1330 juvenes?
581 1253 632 1328 qui
645 1252 757 1329 primur
771 1252 801 1310 in
815 1252 952 1313 hostem.
962 1256 999 1315 ,ἓ
1072 1310 1076 1315 .

84 1330 142 1405 Eu,
158 1332 216 1389 ait:
232 1341 261 1389 et
270 1330 400 1409 jaculum
415 1331 588 1407 adtorquens
601 1330 708 1388 emittit
720 1331 750 1387 in
765 1350 857 1408 auras,

83 1409 260 1486 Principium
275 1428 391 1485 pugnae,
406 1418 436 1467 et
449 1429 552 1486 eampo
566 1428 630 1466 sese
645 1409 750 1467 arduus
764 1408 861 1469 insert.

83 1487 217 1545 Clamore
232 1488 380 1563 excipiunt
394 1489 474 1562 socii,
489 1487 664 1563 fremituque
678 1496 837 1564 sequuntur

83 1565 242 1624 Horrisono
255 1587 261 1622 :
284 1566 431 1623 Teucrum
446 1567 584 1624 mirantur
597 1566 701 1623 inertia
714 1567 817 1640 eorda3

81 1643 113 1701 N
115 1663 151 1701 on
167 1666 249 1721 aequo
264 1646 331 1702 dare
346 1664 377 1702 se
391 1663 503 1721 campo,
517 1664 576 1702 non
590 1645 676 1703 obvia
688 1645 762 1703 ferre

82 1725 172 1780 Arma
184 1725 270 1799 viros,
286 1724 337 1781 sed
351 1734 443 1782 castra
456 1725 561 1781 lovere.
604 1724 673 1782 Huc
687 1724 819 1783 turbidus
833 1731 922 1802 atque
935 1724 1005 1789 buc

82 1802 198 1860 Lustrat
212 1823 286 1879 equo
300 1804 588 1880 muros,-aditumque
601 1823 654 1880 per
668 1803 732 1860 avia
745 1803 856 1880 quaerit.

81 1882 125 1937 Ac
140 1883 230 1940 veluti
243 1883 330 1959 pleno
345 1882 429 1958 lupus
443 1882 593 1941 insidiatus
607 1882 686 1956 ovili,

83 1958 182 2028 Quum
197 1961 293 2019 fremit
307 1961 343 2017 ad
357 1961 465 2035 caulas,
480 1969 582 2019 ventos
595 1978 747 2036 perpessus
762 1969 792 2018 et
804 1959 925 2039 imbres,
1042 1972 1084 2027 tto

80 2038 177 2096 Nocte
192 2060 278 2115 super
291 2040 403 2111 medii,
426 2039 479 2096 tuti
493 2038 546 2095 sub
561 2037 697 2095 matribus
712 2039 778 2113 agni

81 2116 215 2174 Balatum
230 2127 384 2174 exercent:
407 2116 466 2189 ille,
481 2135 564 2192 asper
578 2123 607 2172 et
620 2115 766 2191 improbus
779 2117 835 2194 irai,

82 2194 173 2252 Saevit
186 2196 215 2250 in
232 2195 383 2265 absentcs3
406 2193 527 2251 collecta
540 2193 639 2267 fatigat
652 2194 758 2251 edendi

80 2272 131 2328 Ex
146 2271 231 2345 longo
246 2272 348 2345 rabies,
364 2280 393 2328 et
406 2272 490 2328 siccae
505 2272 644 2347 sanguine
659 2273 768 2330 lauces.

80 2350 176 2417 Haud¹
184 2351 265 2408 aliter
278 2349 389 2407 Rutulo
404 2368 500 2407 muros
514 2358 544 2407 et
554 2358 646 2408 castra
658 2352 752 2409 tuenti

81 2428 238 2502 ignescunt
251 2430 320 2500 irae5
343 2427 421 2486 duris
436 2428 517 2486 dolor
530 2429 642 2486 ossibus
657 2431 753 2487 ardet:

81 2507 147 2576 Qus
162 2515 254 2564 tentet
268 2507 377 2564 ratione
392 2507 495 2580 aditus,
510 2515 539 2564 et
552 2508 679 2583 quaeria
692 2508 804 2566 clausos

79 2584 218 2643 Excutiat
232 2587 362 2644 Teucros
376 2586 462 2661 vallo,
477 2594 563 2663 atque
578 2586 706 2645 effundat
719 2587 749 2644 in
763 2588 871 2662 aequor'.

79 2664 220 2739 Classem,
236 2685 301 2741 quoe
316 2665 396 2723 lateri
411 2674 568 2723 castrorum
583 2665 719 2743 adjuncta
731 2665 847 2743 latebat,
893 2666 898 2673 '

78 2743 240 2818 Aggeribus
252 2752 366 2820 septam
381 2742 490 2802 circirm
505 2752 534 2802 et
546 2744 819 2819 fluvialibusundis,
831 2757 836 2766 ’
1038 2756 1082 2813 ’το

79 2821 212 2895 Invadit3
235 2823 385 2897 sociosque
399 2823 539 2885 incendia,
546 2823 640 2899 poscit
654 2830 791 2895 ovantes3

78 2901 174 2974 Atque
189 2919 306 2957 manum
320 2901 391 2976 pinu
404 2900 535 2975 flagranti
548 2901 676 2958 fervidus
689 2901 800 2977 implet.

78 2976 155 3033 Tum
170 2975 238 3035 verd
253 2978 444 3036 incumbunt:
459 2980 710 3056 urget-praesentia
724 2980 827 3055 Turni,
915 3034 920 3043 ,

77 3057 174 3131 Atque
189 3057 281 3112 omnis
295 3056 407 3114 lacibus
420 3056 512 3133 pubes
526 3058 683 3133 accingitur
697 3059 772 3115 atris.

22 3134 26 3141 “
77 3131 232 3210 Diripuere
246 3135 344 3207 focos3
369 3136 484 3210 piceum
499 3134 554 3192 sert
566 3136 676 3192 fumida
688 3136 786 3193 lumen
1035 3148 1078 3205 75

77 3212 178 3291 Tarda,
194 3221 223 3270 et
236 3212 423 3271 commixtam
438 3212 587 3270 Vulcanus
602 3214 637 3270 ad
651 3221 726 3270 astra
739 3213 876 3272 favillam.

118 3291 192 3361 Quis
207 3293 287 3367 deus,
301 3311 319 3348 o
333 3309 434 3365 musae,
448 3298 507 3348 tam
522 3310 599 3348 saeva
611 3292 746 3350 incendia
759 3293 883 3352 Teucris
917 3330 922 3337 -

76 3370 210 3428 Avertit?
232 3378 326 3447 tantos
338 3368 447 3427 ratibus
460 3369 525 3446 quis
539 3369 650 3445 depulit
663 3370 766 3445 ignes?

76 3446 190 3505 Dicite:
211 3448 304 3524 prisca
318 3448 391 3505 fides
403 3447 490 3523 sacto,
505 3448 556 3506 sed
569 3448 645 3505 sama
658 3450 803 3523 perennis.

115 3525 261 3601 Tempore
276 3546 332 3602 quo
346 3523 471 3602 primum
485 3526 612 3603 Phrygis
625 3525 766 3585 formabat
778 3529 808 3586 in
823 3527 877 3588 lde
1032 3538 1079 3601 m

74 3601 186 3660 AEneas
200 3604 331 3680 classem,
346 3612 375 3662 et
387 3605 482 3681 pelagi
495 3613 593 3681 petere
609 3605 666 3663 alte
677 3606 796 3683 parabat
1040 3630 1045 3637 ·

75 3679 143 3759 Ipsa
156 3680 244 3739 deum
258 3683 347 3740 fertur
360 3684 491 3763 genetrix
504 3684 679 3762 Berecyntia
692 3702 832 3761 magnum

214 3971 255 4033 θ
