2370 4176
445 195 728 255 nucomcosun

413 406 662 503 nondun
687 429 764 503 vr.

512 699 655 747 SILENUS.

92 798 195 857 Pium
210 799 360 874 Syracosio
375 799 492 876 dignata
505 807 550 858 est
562 798 662 857 ludere
676 819 762 858 versu
784 863 786 867 ,

91 877 208 951 Nostra,
223 896 317 953 neque
332 877 447 936 erubuit
460 878 546 947 silvas
560 877 700 953 habitare,
715 877 830 935 Thalia.

93 954 192 1025 Quum
207 974 341 1013 canerem
355 975 437 1032 reges
452 965 482 1014 et
494 956 605 1033 proelia,
620 956 765 1032 Cynthius
781 974 878 1014 aurem

91 1033 193 1108 Vellit,
209 1042 238 1092 et
251 1035 419 1094 admonuit:
442 1036 460 1068 “
471 1035 632 1110 Pastorem,
647 1035 758 1111 Tityre,
771 1035 895 1111 pingues

92 1112 111 1144 “
121 1111 244 1186 Pascere
259 1131 275 1169 o
297 1120 371 1171 ortet
384 1132 462 1187 oves,
477 1114 633 1171 deductum
647 1114 744 1171 dicere
757 1113 906 1172 carmen.”
1056 1120 1079 1172 5

91 1189 122 1249 N
124 1209 179 1247 unc
194 1208 248 1264 ego
267 1133 405 1268 (iramque
419 1185 505 1268 ¹super
518 1190 570 1249 tibi
584 1200 668 1249 erunt
681 1191 730 1266 qui
744 1192 841 1250 dicere
855 1191 965 1266 landes,

60 1266 63 1273 '
91 1266 180 1342 Vare,
195 1277 258 1326 tuas
273 1271 399 1346 cupiant,
414 1279 445 1327 et
457 1271 548 1328 tristia
561 1271 686 1327 condere
700 1269 790 1348 bella)
874 1295 878 1302 ·

9 1372 41 1413 s..
90 1346 244 1422 Agrestem
258 1348 339 1405 tenui
353 1349 514 1406 meditabor
528 1349 667 1406 arundine
681 1368 801 1407 musam.

90 1423 123 1482 N
124 1445 162 1482 on
176 1425 285 1503 injussa
299 1446 380 1484 cano.
425 1427 456 1484 Si
471 1427 534 1502 qnis
548 1435 644 1484 tamen
659 1426 723 1484 haec
737 1445 861 1503 quoque,
876 1426 900 1485 si
914 1427 977 1503 quis

92 1503 202 1579 Captus
217 1523 313 1561 amore
327 1505 413 1579 leget,
429 1514 457 1562 te
471 1512 575 1562 nostrae
601 1504 689 1578 Vare,
705 1504 832 1580 myricae,
870 1565 873 1570 ,
1038 1511 1077 1565 10

91 1581 137 1639 Te
151 1600 254 1639 nemus
268 1600 355 1641 omne
369 1591 454 1640 canet
468 1601 474 1638 :
495 1548 677 1640 nec13hoebo
691 1584 796 1658 gratior
809 1583 868 1641 ulla
878 1591 926 1642 est

93 1657 191 1733 Qudm
204 1659 259 1717 sibi
273 1679 337 1737 quse
352 1659 423 1718 Vari
436 1661 610 1737 prescripsit
622 1662 728 1738 pagina
742 1673 857 1720 nornen.

129 1739 256 1814 Pergite,
270 1739 411 1797 Pierides.
454 1739 589 1798 Chromis
603 1750 632 1799 et
645 1740 797 1818 Mnasylus
811 1736 841 1799 in
856 1748 937 1800 antro

91 1817 224 1875 Silenum
237 1819 320 1894 pueri
334 1838 434 1878 somno
448 1816 548 1876 vidire
564 1821 720 1897 jacentem,

91 1895 227 1954 Inflatum
241 1896 376 1956 hesterno
390 1917 488 1972 venas,
503 1907 535 1956 ut
549 1917 671 1974 semper,
687 1898 811 1958 Iaccho:
1038 1902 1076 1958 lo
1157 1948 1162 1967 ,
1182 1907 1184 1910 ’

92 1975 175 2033 Serta
188 1977 287 2055 procul
302 1974 414 2036 tantirrn'
428 1977 515 2053 capiti
529 1977 647 2052 delapsa
656 1976 804 2055 jacebant,

90 2052 133 2111 Et
145 2055 238 2130 gravis
253 2056 348 2114 attriti
361 2055 509 2133 pendebat
522 2053 675 2112 cantharus
689 2055 769 2112 ansb.

90 2133 228 2208 Aggressi
246 2132 328 2210 (narn
341 2132 420 2211 saep&
435 2152 526 2191 senex
541 2152 592 2209 spe
606 2133 739 2190 carminis
754 2131 838 2190 ambo

90 2209 227 2288 Luserat)
245 2213 379 2291 injiciunt
392 2213 463 2288 ipsis
478 2230 515 2269 ex
529 2210 645 2268 vincula
658 2212 750 2268 sertis.

41 2336 49 2351 .
90 2290 182 2348 Addit
195 2309 226 2347 se
240 2289 358 2366 sociam,
372 2291 539 2365 timidisque
553 2289 719 2366 supervenit
732 2287 831 2364 AEgle,

90 2367 189 2450 AEgle,
203 2369 351 2446 Naiadum
364 2369 577 2446 pulcherrima3
594 2371 714 2447 jamque
726 2368 838 2426 videnti
942 2439 945 2444 ι

92 2447 265 2523 Sanguineis
279 2448 403 2506 frontem
416 2448 504 2505 moris
518 2455 548 2504 et
561 2455 691 2523 tempora
703 2447 804 2524 pingit.
847 2501 852 2511 ,

92 2525 147 2583 Ille
162 2526 259 2584 dolum
273 2527 380 2602 ridens,
396 2524 464 2597 Qud
478 2527 594 2584 vincula
606 2526 744 2584 nectitis?
765 2526 878 2602 inquit:

10 2676 13 2680 .
92 2603 203 2662 Solvite
217 2623 274 2679 me,
288 2606 389 2681 pueri;
412 2605 480 2664 satis
494 2613 539 2664 est
550 2605 679 2681 potuisse
693 2605 793 2663 videri.

91 2683 237 2758 Carmina,
252 2703 316 2760 quae
330 2682 427 2760 vultis,
442 2685 624 2760 cognoscite:
647 2685 775 2764 carnrina
786 2683 889 2756 vobis;

92 2760 171 2820 Huic
186 2762 263 2821 aliud
276 2763 419 2822 mercedis
434 2762 504 2830 erit,
539 2763 632 2821 Simul
646 2763 748 2840 incipit
760 2762 833 2839 ipse.

91 2841 170 2899 Tum
183 2839 251 2899 verb
265 2841 463 2900 innumerum
477 2841 652 2916 Faunosque
665 2841 797 2916 serasque
811 2839 925 2899 videres

91 2919 216 2994 Ludere,
230 2928 292 2978 turn
305 2919 411 2994 rigidas
424 2926 533 2976 motare
547 2918 699 2981 cacumina
711 2936 833 2995 quercus
846 2937 852 2974 :
873 2974 876 2981 ,

92 2998 158 3055 Nec
172 2995 284 3055 tantum
297 2997 410 3055 Phoebo
425 2996 531 3072 gaudet
543 2995 698 3054 Parnassia
711 3015 806 3073 rupes,

32 3099 35 3103 ·
90 3076 123 3135 N
124 3094 158 3133 ec
171 3073 283 3134 tannim
295 3074 442 3151 Rhodope
456 3074 594 3132 mirantur
607 3082 637 3132 et
652 3074 776 3132 Ismarus
791 3073 917 3151 Orphea.

131 3154 267 3230 Namque
281 3153 413 3228 canebat,
427 3149 469 3212 nti
483 3170 620 3229 magnum
632 3154 785 3229 perinane
800 3159 898 3211 coacta

94 3231 213 3290 Semina
225 3241 421 3308 terrarumque
435 3231 600 3307 animaeque
612 3233 756 3309 marisque
769 3231 901 3307 fuissent,

92 3310 134 3369 Et
146 3311 248 3387 liquidi
262 3300 347 3368 simul
360 3310 436 3386 ignis
448 3331 455 3368 ε
476 3317 509 3368 ut
521 3309 701 3375 hisexordia
712 3310 812 3387 primis

94 3389 210 3465 Omnia,
225 3397 254 3448 et
267 3389 335 3470 ipse,
342 3395 425 3446 tener
438 3387 539 3447 mundi
552 3388 731 3447 concreverit
743 3388 839 3447 orbis:

94 3466 172 3527 Tum
187 3469 288 3525 durare
302 3466 405 3541 solum,
420 3475 450 3526 at
463 3466 625 3531 discludere
639 3466 739 3525 Nerea
750 3465 850 3544 ponto'

10 3558 12 3563 ’
94 3546 233 3622 Coeperit,
248 3554 277 3603 et
290 3565 383 3604 rerum
398 3544 536 3622 paulatim
550 3562 663 3602 sumere
677 3545 801 3603 formas:

93 3624 217 3700 Jamque
229 3631 337 3682 novum
350 3632 432 3681 terrae
448 3631 582 3700 stupeant
594 3622 742 3681 lucescere
756 3624 865 3698 solem3

95 3699 191 3763 Altibs
205 3710 290 3782 atque
303 3702 408 3763 cadant
421 3701 561 3761 submotis
573 3700 700 3760 nubibus
713 3701 838 3761 imbres:
938 3725 943 3735 ·
