<?xml version="1.0" encoding="UTF-8"?>
<!DOCTYPE html PUBLIC "-//W3C//DTD XHTML 1.0 Transitional//EN"
    "http://www.w3.org/TR/xhtml1/DTD/xhtml1-transitional.dtd">
<html xmlns="http://www.w3.org/1999/xhtml" xml:lang="en" lang="en">
 <head>
  <title>
</title>
<meta http-equiv="Content-Type" content="text/html;charset=utf-8" />
  <meta name='ocr-system' content='tesseract 3.04.00' />
  <meta name='ocr-capabilities' content='ocr_page ocr_carea ocr_par ocr_line ocrx_word'/>
</head>
<body>
  <div class='ocr_page' id='page_1' title='image "./bucolicageorgic02virggoog/bucolicageorgic02virggoog_0107.png"; bbox 0 0 2400 4178; ppageno 0'>
   <div class='ocr_carea' id='block_1_1' title="bbox 106 170 693 229">
    <p class='ocr_par' dir='ltr' id='par_1_1' title="bbox 106 170 693 229">
     <span class='ocr_line' id='line_1_1' title="bbox 106 170 693 229; baseline 0 0"><span class='ocrx_word' id='word_1_1' title='bbox 106 174 158 229; x_wconf 76' lang='lat'>1⁰⁴</span> <span class='ocrx_word' id='word_1_2' title='bbox 510 170 693 229; x_wconf 73' lang='lat' dir='ltr'>AEnaluos</span> 
     </span>
    </p>
   </div>
   <div class='ocr_carea' id='block_1_2' title="bbox 36 320 1100 3782">
    <p class='ocr_par' dir='ltr' id='par_1_2' title="bbox 105 320 780 403">
     <span class='ocr_line' id='line_1_2' title="bbox 105 320 780 403; baseline 0.001 -24"><span class='ocrx_word' id='word_1_3' title='bbox 105 322 229 399; x_wconf 73' lang='lat' dir='ltr'>Accepit</span> <span class='ocrx_word' id='word_1_4' title='bbox 242 320 357 399; x_wconf 90' lang='lat' dir='ltr'>patrios.</span> <span class='ocrx_word' id='word_1_5' title='bbox 399 320 484 379; x_wconf 87' lang='lat' dir='ltr'>Ultro</span> <span class='ocrx_word' id='word_1_6' title='bbox 497 320 571 379; x_wconf 87' lang='lat' dir='ltr'>tiens</span> <span class='ocrx_word' id='word_1_7' title='bbox 584 322 647 397; x_wconf 89' lang='lat' dir='ltr'>ipse</span> <span class='ocrx_word' id='word_1_8' title='bbox 660 320 780 403; x_wconf 81' lang='lat' dir='ltr'>yidebar</span> 
     </span>
    </p>

    <p class='ocr_par' dir='ltr' id='par_1_3' title="bbox 105 400 883 478">
     <span class='ocr_line' id='line_1_3' title="bbox 105 400 883 478; baseline 0.009 -23"><span class='ocrx_word' id='word_1_9' title='bbox 105 400 291 478; x_wconf 85' lang='lat' dir='ltr'>Compellare</span> <span class='ocrx_word' id='word_1_10' title='bbox 305 400 408 471; x_wconf 80' lang='lat' dir='ltr'>virum,</span> <span class='ocrx_word' id='word_1_11' title='bbox 423 408 452 456; x_wconf 88' lang='lat' dir='ltr'>et</span> <span class='ocrx_word' id='word_1_12' title='bbox 465 408 581 456; x_wconf 74' lang='lat' dir='ltr'>moestas</span> <span class='ocrx_word' id='word_1_13' title='bbox 595 418 765 476; x_wconf 81' lang='lat' dir='ltr'>expromere</span> <span class='ocrx_word' id='word_1_14' title='bbox 777 420 883 462; x_wconf 84' lang='lat' dir='ltr'>voees:</span> 
     </span>
    </p>

    <p class='ocr_par' dir='ltr' id='par_1_4' title="bbox 106 478 838 552">
     <span class='ocr_line' id='line_1_4' title="bbox 106 478 838 552; baseline 0.003 -15"><span class='ocrx_word' id='word_1_15' title='bbox 106 478 133 537; x_wconf 93' lang='grc' dir='ltr'><strong>Ο</strong></span> <span class='ocrx_word' id='word_1_16' title='bbox 147 479 200 535; x_wconf 83' lang='lat' dir='ltr'>lux</span> <span class='ocrx_word' id='word_1_17' title='bbox 214 478 386 537; x_wconf 77' lang='lat' dir='ltr'>Dardaniae!</span> <span class='ocrx_word' id='word_1_18' title='bbox 408 496 474 552; x_wconf 86' lang='lat' dir='ltr'>spes</span> <span class='ocrx_word' id='word_1_19' title='bbox 488 497 506 534; x_wconf 93' lang='lat' dir='ltr'>o</span> <span class='ocrx_word' id='word_1_20' title='bbox 521 478 660 535; x_wconf 84' lang='lat' dir='ltr'>fidissima</span> <span class='ocrx_word' id='word_1_21' title='bbox 672 479 838 539; x_wconf 82' lang='lat' dir='ltr'>Teucriam!</span> 
     </span>
    </p>

    <p class='ocr_par' dir='ltr' id='par_1_5' title="bbox 106 554 920 633">
     <span class='ocr_line' id='line_1_5' title="bbox 106 554 920 633; baseline 0.007 -19"><span class='ocrx_word' id='word_1_22' title='bbox 106 556 183 627; x_wconf 70' lang='lat' dir='ltr'>Quae</span> <span class='ocrx_word' id='word_1_23' title='bbox 197 566 285 615; x_wconf 81' lang='lat' dir='ltr'>tautae</span> <span class='ocrx_word' id='word_1_24' title='bbox 300 554 419 614; x_wconf 70' lang='lat' dir='ltr'>tenuere</span> <span class='ocrx_word' id='word_1_25' title='bbox 433 558 545 613; x_wconf 79' lang='lat' dir='ltr'>morae?</span> <span class='ocrx_word' id='word_1_26' title='bbox 566 554 672 633; x_wconf 89' lang='lat' dir='ltr'>quibus</span> <span class='ocrx_word' id='word_1_27' title='bbox 687 556 797 617; x_wconf 80' lang='lat' dir='ltr'>Hector</span> <span class='ocrx_word' id='word_1_28' title='bbox 810 558 848 619; x_wconf 84' lang='lat' dir='ltr'>ab</span> <span class='ocrx_word' id='word_1_29' title='bbox 860 560 920 619; x_wconf 84' lang='lat' dir='ltr'>oris</span> 
     </span>
    </p>

    <p class='ocr_par' dir='ltr' id='par_1_6' title="bbox 105 634 807 713">
     <span class='ocr_line' id='line_1_6' title="bbox 105 634 807 713; baseline 0.003 -20"><span class='ocrx_word' id='word_1_30' title='bbox 105 634 285 713; x_wconf 85' lang='lat' dir='ltr'>Exspectate</span> <span class='ocrx_word' id='word_1_31' title='bbox 299 634 404 691; x_wconf 81' lang='lat' dir='ltr'>venis?</span> <span class='ocrx_word' id='word_1_32' title='bbox 426 643 457 691; x_wconf 94' lang='lat' dir='ltr'>ut</span> <span class='ocrx_word' id='word_1_33' title='bbox 470 642 499 691; x_wconf 90' lang='lat' dir='ltr'>te</span> <span class='ocrx_word' id='word_1_34' title='bbox 512 644 578 711; x_wconf 89' lang='lat' dir='ltr'>post</span> <span class='ocrx_word' id='word_1_35' title='bbox 591 634 680 692; x_wconf 90' lang='lat' dir='ltr'>multa</span> <span class='ocrx_word' id='word_1_36' title='bbox 693 644 807 695; x_wconf 89' lang='lat' dir='ltr'>tuorum</span> 
     </span>
    </p>

    <p class='ocr_par' dir='ltr' id='par_1_7' title="bbox 104 712 932 795">
     <span class='ocr_line' id='line_1_7' title="bbox 104 712 932 795; baseline 0.005 -24"><span class='ocrx_word' id='word_1_37' title='bbox 104 714 233 787; x_wconf 87' lang='lat' dir='ltr'>Funera,</span> <span class='ocrx_word' id='word_1_38' title='bbox 248 721 312 790; x_wconf 90' lang='lat' dir='ltr'>post</span> <span class='ocrx_word' id='word_1_39' title='bbox 323 712 418 770; x_wconf 91' lang='lat' dir='ltr'>varios</span> <span class='ocrx_word' id='word_1_40' title='bbox 432 712 640 789; x_wconf 84' lang='lat' dir='ltr'>hominumque</span> <span class='ocrx_word' id='word_1_41' title='bbox 654 714 790 791; x_wconf 74' lang='lat' dir='ltr'>urbisque</span> <span class='ocrx_word' id='word_1_42' title='bbox 806 716 932 795; x_wconf 84' lang='lat' dir='ltr'>labores,</span> 
     </span>
    </p>

    <p class='ocr_par' dir='ltr' id='par_1_8' title="bbox 105 792 885 867">
     <span class='ocr_line' id='line_1_8' title="bbox 105 792 885 867; baseline 0.006 -18"><span class='ocrx_word' id='word_1_43' title='bbox 105 792 221 850; x_wconf 80' lang='lat' dir='ltr'><strong>Defessi</strong></span> <span class='ocrx_word' id='word_1_44' title='bbox 235 793 286 849; x_wconf 84' lang='lat' dir='ltr'>ads</span> <span class='ocrx_word' id='word_1_45' title='bbox 309 792 431 849; x_wconf 89' lang='lat' dir='ltr'>icimus!</span> <span class='ocrx_word' id='word_1_46' title='bbox 453 810 518 867; x_wconf 83' lang='lat' dir='ltr'>quae</span> <span class='ocrx_word' id='word_1_47' title='bbox 533 810 621 849; x_wconf 89' lang='lat' dir='ltr'>causa</span> <span class='ocrx_word' id='word_1_48' title='bbox 634 792 754 867; x_wconf 83' lang='lat' dir='ltr'>indigna</span> <span class='ocrx_word' id='word_1_49' title='bbox 766 812 885 855; x_wconf 89' lang='lat' dir='ltr'>serenos</span> 
     </span>
    </p>

    <p class='ocr_par' dir='ltr' id='par_1_9' title="bbox 104 811 838 931">
     <span class='ocr_line' id='line_1_9' title="bbox 104 811 838 931; baseline 0.005 -4"><span class='ocrx_word' id='word_1_50' title='bbox 104 870 238 927; x_wconf 82' lang='lat' dir='ltr'>Foedarit</span> <span class='ocrx_word' id='word_1_51' title='bbox 251 811 368 927; x_wconf 75' lang='lat' dir='ltr'>vuitus?</span> <span class='ocrx_word' id='word_1_52' title='bbox 390 877 438 926; x_wconf 93' lang='lat' dir='ltr'>aut</span> <span class='ocrx_word' id='word_1_53' title='bbox 451 888 504 927; x_wconf 94' lang='lat' dir='ltr'>cur</span> <span class='ocrx_word' id='word_1_54' title='bbox 515 869 581 927; x_wconf 87' lang='lat' dir='ltr'>haee</span> <span class='ocrx_word' id='word_1_55' title='bbox 597 870 716 927; x_wconf 78' lang='lat' dir='ltr'>vulnera</span> <span class='ocrx_word' id='word_1_56' title='bbox 729 875 838 931; x_wconf 88' lang='lat' dir='ltr'>cerno?</span> 
     </span>
    </p>

    <p class='ocr_par' dir='ltr' id='par_1_10' title="bbox 105 946 835 1025">
     <span class='ocr_line' id='line_1_10' title="bbox 105 946 835 1025; baseline 0.004 -21"><span class='ocrx_word' id='word_1_57' title='bbox 105 946 160 1005; x_wconf 92' lang='lat' dir='ltr'>Ille</span> <span class='ocrx_word' id='word_1_58' title='bbox 171 948 261 1021; x_wconf 85' lang='lat' dir='ltr'>nihil;</span> <span class='ocrx_word' id='word_1_59' title='bbox 283 958 337 1007; x_wconf 85' lang='lat' dir='ltr'>u&#39;ec</span> <span class='ocrx_word' id='word_1_60' title='bbox 352 968 399 1005; x_wconf 90' lang='lat' dir='ltr'>me</span> <span class='ocrx_word' id='word_1_61' title='bbox 413 958 590 1024; x_wconf 85' lang='lat' dir='ltr'>quaerentem</span> <span class='ocrx_word' id='word_1_62' title='bbox 604 968 678 1006; x_wconf 82' lang='lat' dir='ltr'>rana</span> <span class='ocrx_word' id='word_1_63' title='bbox 692 958 835 1025; x_wconf 85' lang='lat' dir='ltr'>moratur;</span> 
     </span>
    </p>

    <p class='ocr_par' dir='ltr' id='par_1_11' title="bbox 106 1014 837 1105">
     <span class='ocr_line' id='line_1_11' title="bbox 106 1014 837 1105; baseline 0.005 -22"><span class='ocrx_word' id='word_1_64' title='bbox 106 1014 174 1100; x_wconf 91' lang='lat' dir='ltr'>Sed,</span> <span class='ocrx_word' id='word_1_65' title='bbox 189 1029 312 1103; x_wconf 76' lang='lat' dir='ltr'>graviter</span> <span class='ocrx_word' id='word_1_66' title='bbox 325 1028 449 1103; x_wconf 79' lang='lat' dir='ltr'>gemitus</span> <span class='ocrx_word' id='word_1_67' title='bbox 464 1027 522 1084; x_wconf 94' lang='lat' dir='ltr'>imo</span> <span class='ocrx_word' id='word_1_68' title='bbox 537 1028 573 1084; x_wconf 91' lang='lat' dir='ltr'>de</span> <span class='ocrx_word' id='word_1_69' title='bbox 586 1036 704 1103; x_wconf 80' lang='lat' dir='ltr'>pectore</span> <span class='ocrx_word' id='word_1_70' title='bbox 718 1029 837 1105; x_wconf 88' lang='lat' dir='ltr'>ducens,</span> 
     </span>
    </p>

    <p class='ocr_par' dir='ltr' id='par_1_12' title="bbox 105 1106 937 1184">
     <span class='ocr_line' id='line_1_12' title="bbox 105 1106 937 1184; baseline 0.005 -21"><span class='ocrx_word' id='word_1_71' title='bbox 105 1106 192 1163; x_wconf 89' lang='lat' dir='ltr'>Heu!</span> <span class='ocrx_word' id='word_1_72' title='bbox 215 1106 291 1180; x_wconf 72' lang='lat' dir='ltr'>luge,</span> <span class='ocrx_word' id='word_1_73' title='bbox 306 1106 451 1180; x_wconf 76' lang='lat' dir='ltr'>uatedei,</span> <span class='ocrx_word' id='word_1_74' title='bbox 465 1114 553 1181; x_wconf 90' lang='lat' dir='ltr'>teque</span> <span class='ocrx_word' id='word_1_75' title='bbox 568 1106 622 1179; x_wconf 91' lang='lat' dir='ltr'>his,</span> <span class='ocrx_word' id='word_1_76' title='bbox 638 1106 687 1181; x_wconf 88' lang='lat' dir='ltr'>ait,</span> <span class='ocrx_word' id='word_1_77' title='bbox 702 1107 781 1184; x_wconf 92' lang='lat' dir='ltr'>eripe</span> <span class='ocrx_word' id='word_1_78' title='bbox 794 1108 937 1167; x_wconf 86' lang='lat' dir='ltr'>flammis:</span> 
     </span>
    </p>

    <p class='ocr_par' dir='ltr' id='par_1_13' title="bbox 105 1183 868 1265">
     <span class='ocr_line' id='line_1_13' title="bbox 105 1183 868 1265; baseline 0.007 -24"><span class='ocrx_word' id='word_1_79' title='bbox 105 1183 207 1242; x_wconf 90' lang='lat' dir='ltr'>Hostis</span> <span class='ocrx_word' id='word_1_80' title='bbox 221 1184 309 1241; x_wconf 90' lang='lat' dir='ltr'>habet</span> <span class='ocrx_word' id='word_1_81' title='bbox 322 1203 435 1255; x_wconf 87' lang='lat' dir='ltr'>muros;</span> <span class='ocrx_word' id='word_1_82' title='bbox 457 1185 513 1242; x_wconf 91' lang='lat' dir='ltr'>ruit</span> <span class='ocrx_word' id='word_1_83' title='bbox 527 1184 583 1241; x_wconf 87' lang='lat' dir='ltr'>alto</span> <span class='ocrx_word' id='word_1_84' title='bbox 598 1203 615 1241; x_wconf 90' lang='lat' dir='ltr'>a</span> <span class='ocrx_word' id='word_1_85' title='bbox 629 1184 755 1242; x_wconf 88' lang='lat' dir='ltr'>culmine</span> <span class='ocrx_word' id='word_1_86' title='bbox 770 1186 868 1265; x_wconf 83' lang='lat' dir='ltr'>Troja.</span> 
     </span>
    </p>

    <p class='ocr_par' dir='ltr' id='par_1_14' title="bbox 107 1262 998 1340">
     <span class='ocr_line' id='line_1_14' title="bbox 107 1262 998 1340; baseline 0.007 -21"><span class='ocrx_word' id='word_1_87' title='bbox 107 1262 158 1320; x_wconf 88' lang='lat' dir='ltr'>Sat</span> <span class='ocrx_word' id='word_1_88' title='bbox 170 1264 270 1339; x_wconf 82' lang='lat' dir='ltr'>patriae</span> <span class='ocrx_word' id='word_1_89' title='bbox 285 1263 460 1340; x_wconf 86' lang='lat' dir='ltr'>Priamoque</span> <span class='ocrx_word' id='word_1_90' title='bbox 475 1264 583 1321; x_wconf 87' lang='lat' dir='ltr'>datum.</span> <span class='ocrx_word' id='word_1_91' title='bbox 628 1264 660 1321; x_wconf 92' lang='lat' dir='ltr'>Si</span> <span class='ocrx_word' id='word_1_92' title='bbox 673 1264 814 1339; x_wconf 87' lang='lat' dir='ltr'>Pergama</span> <span class='ocrx_word' id='word_1_93' title='bbox 827 1266 931 1325; x_wconf 83' lang='lat' dir='ltr'>dextni</span> <span class='ocrx_word' id='word_1_94' title='bbox 994 1328 998 1333; x_wconf 73' lang='grc'><strong>,</strong></span> 
     </span>
    </p>

    <p class='ocr_par' dir='ltr' id='par_1_15' title="bbox 105 1340 817 1418">
     <span class='ocr_line' id='line_1_15' title="bbox 105 1340 817 1418; baseline 0.004 -19"><span class='ocrx_word' id='word_1_95' title='bbox 105 1340 232 1400; x_wconf 86' lang='lat' dir='ltr'>Delendi</span> <span class='ocrx_word' id='word_1_96' title='bbox 243 1350 370 1418; x_wconf 81' lang='lat' dir='ltr'>possent,</span> <span class='ocrx_word' id='word_1_97' title='bbox 385 1341 472 1399; x_wconf 91' lang='lat' dir='ltr'>etiarn</span> <span class='ocrx_word' id='word_1_98' title='bbox 486 1342 541 1399; x_wconf 79' lang='lat' dir='ltr'>hic</span> <span class='ocrx_word' id='word_1_99' title='bbox 555 1341 674 1399; x_wconf 82' lang='lat' dir='ltr'>defensa</span> <span class='ocrx_word' id='word_1_100' title='bbox 687 1341 817 1402; x_wconf 83' lang='lat' dir='ltr'>fuissent.</span> 
     </span>
    </p>

    <p class='ocr_par' dir='ltr' id='par_1_16' title="bbox 107 1420 857 1498">
     <span class='ocr_line' id='line_1_16' title="bbox 107 1420 857 1498; baseline 0.003 -21"><span class='ocrx_word' id='word_1_101' title='bbox 107 1420 194 1477; x_wconf 91' lang='lat' dir='ltr'>Sacra</span> <span class='ocrx_word' id='word_1_102' title='bbox 207 1440 331 1498; x_wconf 89' lang='lat' dir='ltr'>suosque</span> <span class='ocrx_word' id='word_1_103' title='bbox 346 1420 398 1479; x_wconf 90' lang='lat' dir='ltr'>tibi</span> <span class='ocrx_word' id='word_1_104' title='bbox 414 1421 598 1478; x_wconf 83' lang='lat' dir='ltr'>commendat</span> <span class='ocrx_word' id='word_1_105' title='bbox 611 1420 700 1496; x_wconf 89' lang='lat' dir='ltr'>Troja</span> <span class='ocrx_word' id='word_1_106' title='bbox 713 1420 857 1481; x_wconf 75' lang='lat' dir='ltr'>Penates:</span> 
     </span>
    </p>

    <p class='ocr_par' dir='ltr' id='par_1_17' title="bbox 105 1497 851 1577">
     <span class='ocr_line' id='line_1_17' title="bbox 105 1497 851 1577; baseline 0.004 -22"><span class='ocrx_word' id='word_1_107' title='bbox 105 1498 170 1555; x_wconf 88' lang='lat' dir='ltr'>Hos</span> <span class='ocrx_word' id='word_1_108' title='bbox 185 1518 255 1575; x_wconf 91' lang='lat' dir='ltr'>cape</span> <span class='ocrx_word' id='word_1_109' title='bbox 270 1499 391 1556; x_wconf 87' lang='lat' dir='ltr'>latorum</span> <span class='ocrx_word' id='word_1_110' title='bbox 406 1499 543 1569; x_wconf 89' lang='lat' dir='ltr'>comites;</span> <span class='ocrx_word' id='word_1_111' title='bbox 564 1498 610 1554; x_wconf 93' lang='lat' dir='ltr'>his</span> <span class='ocrx_word' id='word_1_112' title='bbox 624 1497 731 1554; x_wconf 88' lang='lat' dir='ltr'>moenia</span> <span class='ocrx_word' id='word_1_113' title='bbox 744 1519 851 1577; x_wconf 82' lang='lat' dir='ltr'>quaere,</span> 
     </span>
    </p>

    <p class='ocr_par' dir='ltr' id='par_1_18' title="bbox 105 1576 824 1655">
     <span class='ocr_line' id='line_1_18' title="bbox 105 1576 824 1655; baseline 0.006 -23"><span class='ocrx_word' id='word_1_114' title='bbox 105 1576 216 1651; x_wconf 79' lang='lat' dir='ltr'>lllagrra</span> <span class='ocrx_word' id='word_1_115' title='bbox 227 1586 372 1652; x_wconf 88' lang='lat' dir='ltr'>pererrato</span> <span class='ocrx_word' id='word_1_116' title='bbox 386 1584 494 1633; x_wconf 81' lang='lat' dir='ltr'>statues</span> <span class='ocrx_word' id='word_1_117' title='bbox 508 1596 571 1652; x_wconf 79' lang='lat' dir='ltr'>quae</span> <span class='ocrx_word' id='word_1_118' title='bbox 587 1576 712 1653; x_wconf 88' lang='lat' dir='ltr'>denique</span> <span class='ocrx_word' id='word_1_119' title='bbox 725 1587 824 1655; x_wconf 89' lang='lat' dir='ltr'>ponto.</span> 
     </span>
    </p>

    <p class='ocr_par' dir='ltr' id='par_1_19' title="bbox 106 1653 902 1734">
     <span class='ocr_line' id='line_1_19' title="bbox 106 1653 902 1734; baseline 0.006 -23"><span class='ocrx_word' id='word_1_120' title='bbox 106 1654 155 1711; x_wconf 89' lang='lat' dir='ltr'>Sic</span> <span class='ocrx_word' id='word_1_121' title='bbox 171 1655 229 1726; x_wconf 87' lang='lat' dir='ltr'>ait;</span> <span class='ocrx_word' id='word_1_122' title='bbox 251 1662 281 1714; x_wconf 88' lang='lat' dir='ltr'>et</span> <span class='ocrx_word' id='word_1_123' title='bbox 294 1653 426 1711; x_wconf 89' lang='lat' dir='ltr'>manibus</span> <span class='ocrx_word' id='word_1_124' title='bbox 439 1655 534 1728; x_wconf 82' lang='lat' dir='ltr'>vittas,</span> <span class='ocrx_word' id='word_1_125' title='bbox 549 1654 728 1733; x_wconf 82' lang='lat' dir='ltr'>Vestamque</span> <span class='ocrx_word' id='word_1_126' title='bbox 741 1666 902 1734; x_wconf 88' lang='lat' dir='ltr'>potentem,</span> 
     </span>
    </p>

    <p class='ocr_par' dir='ltr' id='par_1_20' title="bbox 105 1732 849 1888">
     <span class='ocr_line' id='line_1_20' title="bbox 105 1732 849 1812; baseline 0.003 -21"><span class='ocrx_word' id='word_1_127' title='bbox 105 1732 317 1811; x_wconf 85' lang='lat' dir='ltr'>AEtemumque</span> <span class='ocrx_word' id='word_1_128' title='bbox 332 1734 423 1809; x_wconf 77' lang='lat' dir='ltr'>adytis</span> <span class='ocrx_word' id='word_1_129' title='bbox 438 1734 521 1791; x_wconf 84' lang='lat' dir='ltr'>ell&#39;ert</span> <span class='ocrx_word' id='word_1_130' title='bbox 533 1735 728 1812; x_wconf 82' lang='lat' dir='ltr'>penetralibus</span> <span class='ocrx_word' id='word_1_131' title='bbox 742 1736 849 1811; x_wconf 79' lang='lat' dir='ltr'>iguem.</span> 
     </span>
     <span class='ocr_line' id='line_1_21' title="bbox 145 1813 796 1888; baseline 0.003 -18"><span class='ocrx_word' id='word_1_132' title='bbox 145 1813 269 1881; x_wconf 77' lang='lat' dir='ltr'>Diverso</span> <span class='ocrx_word' id='word_1_133' title='bbox 284 1814 396 1872; x_wconf 88' lang='lat' dir='ltr'>interea</span> <span class='ocrx_word' id='word_1_134' title='bbox 410 1813 568 1871; x_wconf 85' lang='lat' dir='ltr'>miscentur</span> <span class='ocrx_word' id='word_1_135' title='bbox 580 1814 687 1872; x_wconf 85' lang='lat' dir='ltr'>nroeuio</span> <span class='ocrx_word' id='word_1_136' title='bbox 700 1814 796 1888; x_wconf 89' lang='lat' dir='ltr'>luetu;</span> 
     </span>
    </p>

    <p class='ocr_par' dir='ltr' id='par_1_21' title="bbox 105 1888 910 1971">
     <span class='ocr_line' id='line_1_22' title="bbox 105 1888 910 1971; baseline 0.005 -22"><span class='ocrx_word' id='word_1_137' title='bbox 105 1892 145 1949; x_wconf 89' lang='lat' dir='ltr'>Et</span> <span class='ocrx_word' id='word_1_138' title='bbox 159 1889 250 1967; x_wconf 87' lang='lat' dir='ltr'>magis</span> <span class='ocrx_word' id='word_1_139' title='bbox 265 1901 351 1970; x_wconf 87' lang='lat' dir='ltr'>atque</span> <span class='ocrx_word' id='word_1_140' title='bbox 365 1888 467 1969; x_wconf 81' lang='lat' dir='ltr'>magis,</span> <span class='ocrx_word' id='word_1_141' title='bbox 482 1912 644 1970; x_wconf 87' lang='lat' dir='ltr'>quanquam</span> <span class='ocrx_word' id='word_1_142' title='bbox 658 1902 769 1951; x_wconf 90' lang='lat' dir='ltr'>secreta</span> <span class='ocrx_word' id='word_1_143' title='bbox 781 1895 910 1971; x_wconf 86' lang='lat' dir='ltr'>parentis</span> 
     </span>
    </p>

    <p class='ocr_par' dir='ltr' id='par_1_22' title="bbox 105 1971 862 2048">
     <span class='ocr_line' id='line_1_23' title="bbox 105 1971 862 2048; baseline 0.003 -21"><span class='ocrx_word' id='word_1_144' title='bbox 105 1971 243 2029; x_wconf 82' lang='lat' dir='ltr'>Anchisae</span> <span class='ocrx_word' id='word_1_145' title='bbox 259 1972 372 2045; x_wconf 88' lang='lat' dir='ltr'>domus,</span> <span class='ocrx_word' id='word_1_146' title='bbox 388 1971 593 2047; x_wconf 83' lang='lat' dir='ltr'>arboribusque</span> <span class='ocrx_word' id='word_1_147' title='bbox 607 1972 721 2029; x_wconf 83' lang='lat' dir='ltr'>obtecta</span> <span class='ocrx_word' id='word_1_148' title='bbox 734 1972 862 2048; x_wconf 78' lang='lat' dir='ltr'>recessit,</span> 
     </span>
    </p>

    <p class='ocr_par' dir='ltr' id='par_1_23' title="bbox 105 2050 869 2125">
     <span class='ocr_line' id='line_1_24' title="bbox 105 2050 869 2125; baseline 0.001 -18"><span class='ocrx_word' id='word_1_149' title='bbox 105 2050 279 2108; x_wconf 89' lang='lat' dir='ltr'>Clarescunt</span> <span class='ocrx_word' id='word_1_150' title='bbox 292 2051 412 2123; x_wconf 91' lang='lat' dir='ltr'>sonitus,</span> <span class='ocrx_word' id='word_1_151' title='bbox 428 2069 628 2125; x_wconf 90' lang='lat' dir='ltr'>armorumque</span> <span class='ocrx_word' id='word_1_152' title='bbox 642 2050 749 2124; x_wconf 82' lang='lat' dir='ltr'>ingruit</span> <span class='ocrx_word' id='word_1_153' title='bbox 762 2050 869 2109; x_wconf 92' lang='lat' dir='ltr'>horror.</span> 
     </span>
    </p>

    <p class='ocr_par' dir='ltr' id='par_1_24' title="bbox 105 2127 746 2202">
     <span class='ocr_line' id='line_1_25' title="bbox 105 2127 746 2202; baseline -0.002 -18"><span class='ocrx_word' id='word_1_154' title='bbox 105 2128 249 2185; x_wconf 84' lang='lat' dir='ltr'>Excutior</span> <span class='ocrx_word' id='word_1_155' title='bbox 262 2147 373 2202; x_wconf 90' lang='lat' dir='ltr'>somno,</span> <span class='ocrx_word' id='word_1_156' title='bbox 389 2136 418 2184; x_wconf 91' lang='lat' dir='ltr'>et</span> <span class='ocrx_word' id='word_1_157' title='bbox 432 2129 536 2184; x_wconf 86' lang='lat' dir='ltr'>summi</span> <span class='ocrx_word' id='word_1_158' title='bbox 552 2127 663 2201; x_wconf 80' lang='lat' dir='ltr'>fastigia</span> <span class='ocrx_word' id='word_1_159' title='bbox 677 2128 746 2184; x_wconf 92' lang='lat' dir='ltr'>tecti</span> 
     </span>
    </p>

    <p class='ocr_par' dir='ltr' id='par_1_25' title="bbox 104 2204 837 2282">
     <span class='ocr_line' id='line_1_26' title="bbox 104 2204 837 2282; baseline 0.001 -19"><span class='ocrx_word' id='word_1_160' title='bbox 104 2208 238 2264; x_wconf 87' lang='lat' dir='ltr'>Asceusu</span> <span class='ocrx_word' id='word_1_161' title='bbox 254 2224 367 2282; x_wconf 89' lang='lat' dir='ltr'>supero,</span> <span class='ocrx_word' id='word_1_162' title='bbox 382 2213 467 2280; x_wconf 90' lang='lat' dir='ltr'>atque</span> <span class='ocrx_word' id='word_1_163' title='bbox 482 2206 597 2262; x_wconf 85' lang='lat' dir='ltr'>arrectis</span> <span class='ocrx_word' id='word_1_164' title='bbox 609 2204 724 2262; x_wconf 86' lang='lat' dir='ltr'>auribus</span> <span class='ocrx_word' id='word_1_165' title='bbox 739 2206 837 2264; x_wconf 89' lang='lat' dir='ltr'>adsto:</span> 
     </span>
    </p>

    <p class='ocr_par' dir='ltr' id='par_1_26' title="bbox 106 2283 925 2359">
     <span class='ocr_line' id='line_1_27' title="bbox 106 2283 925 2359; baseline 0.007 -18"><span class='ocrx_word' id='word_1_166' title='bbox 106 2283 141 2341; x_wconf 91' lang='lat' dir='ltr'>In</span> <span class='ocrx_word' id='word_1_167' title='bbox 155 2291 283 2357; x_wconf 79' lang='lat' dir='ltr'>segetem</span> <span class='ocrx_word' id='word_1_168' title='bbox 298 2283 389 2341; x_wconf 82' lang='lat' dir='ltr'>veluti</span> <span class='ocrx_word' id='word_1_169' title='bbox 403 2303 492 2359; x_wconf 92' lang='lat' dir='ltr'>quum</span> <span class='ocrx_word' id='word_1_170' title='bbox 506 2283 622 2340; x_wconf 90' lang='lat' dir='ltr'>flamma</span> <span class='ocrx_word' id='word_1_171' title='bbox 635 2283 795 2342; x_wconf 87' lang='lat' dir='ltr'>furentibus</span> <span class='ocrx_word' id='word_1_172' title='bbox 808 2286 925 2347; x_wconf 83' lang='lat' dir='ltr'>Austris</span> 
     </span>
    </p>

    <p class='ocr_par' dir='ltr' id='par_1_27' title="bbox 106 2361 825 2438">
     <span class='ocr_line' id='line_1_28' title="bbox 106 2361 825 2438; baseline 0.004 -20"><span class='ocrx_word' id='word_1_173' title='bbox 106 2361 223 2435; x_wconf 90' lang='lat' dir='ltr'>Incidit,</span> <span class='ocrx_word' id='word_1_174' title='bbox 238 2371 288 2420; x_wconf 88' lang='lat' dir='ltr'>aut</span> <span class='ocrx_word' id='word_1_175' title='bbox 301 2361 417 2438; x_wconf 88' lang='lat' dir='ltr'>rapidus</span> <span class='ocrx_word' id='word_1_176' title='bbox 432 2370 567 2419; x_wconf 92' lang='lat' dir='ltr'>montano</span> <span class='ocrx_word' id='word_1_177' title='bbox 581 2361 701 2419; x_wconf 88' lang='lat' dir='ltr'>flumine</span> <span class='ocrx_word' id='word_1_178' title='bbox 714 2370 825 2421; x_wconf 89' lang='lat' dir='ltr'>torrens</span> 
     </span>
    </p>

    <p class='ocr_par' dir='ltr' id='par_1_28' title="bbox 106 2440 890 2520">
     <span class='ocr_line' id='line_1_29' title="bbox 106 2440 890 2520; baseline 0.005 -23"><span class='ocrx_word' id='word_1_179' title='bbox 106 2440 214 2498; x_wconf 90' lang='lat' dir='ltr'>Sternit</span> <span class='ocrx_word' id='word_1_180' title='bbox 228 2459 319 2517; x_wconf 87' lang='lat' dir='ltr'>agros,</span> <span class='ocrx_word' id='word_1_181' title='bbox 335 2442 436 2500; x_wconf 88' lang='lat' dir='ltr'>sternit</span> <span class='ocrx_word' id='word_1_182' title='bbox 448 2449 509 2498; x_wconf 87' lang='lat' dir='ltr'>sata</span> <span class='ocrx_word' id='word_1_183' title='bbox 519 2440 594 2516; x_wconf 74' lang='lat' dir='ltr'>laeta,</span> <span class='ocrx_word' id='word_1_184' title='bbox 608 2441 753 2518; x_wconf 90' lang='lat' dir='ltr'>boumque</span> <span class='ocrx_word' id='word_1_185' title='bbox 767 2441 890 2520; x_wconf 88' lang='lat' dir='ltr'>labores,</span> 
     </span>
    </p>

    <p class='ocr_par' dir='ltr' id='par_1_29' title="bbox 104 2518 858 2599">
     <span class='ocr_line' id='line_1_30' title="bbox 104 2518 858 2599; baseline 0.005 -22"><span class='ocrx_word' id='word_1_186' title='bbox 104 2518 331 2598; x_wconf 77' lang='lat' dir='ltr'>Praecipitesque</span> <span class='ocrx_word' id='word_1_187' title='bbox 344 2520 431 2578; x_wconf 90' lang='lat' dir='ltr'>trahit</span> <span class='ocrx_word' id='word_1_188' title='bbox 443 2520 546 2593; x_wconf 81' lang='lat' dir='ltr'>silvas3</span> <span class='ocrx_word' id='word_1_189' title='bbox 568 2529 665 2599; x_wconf 89' lang='lat' dir='ltr'>stupet</span> <span class='ocrx_word' id='word_1_190' title='bbox 677 2521 786 2581; x_wconf 89' lang='lat' dir='ltr'>inscius</span> <span class='ocrx_word' id='word_1_191' title='bbox 800 2521 858 2581; x_wconf 83' lang='lat' dir='ltr'>alto</span> 
     </span>
    </p>

    <p class='ocr_par' dir='ltr' id='par_1_30' title="bbox 104 2598 770 2679">
     <span class='ocr_line' id='line_1_31' title="bbox 104 2598 770 2679; baseline 0.005 -23"><span class='ocrx_word' id='word_1_192' title='bbox 104 2598 262 2677; x_wconf 83' lang='lat' dir='ltr'>Accipieus</span> <span class='ocrx_word' id='word_1_193' title='bbox 276 2599 401 2659; x_wconf 89' lang='lat' dir='ltr'>sonitum</span> <span class='ocrx_word' id='word_1_194' title='bbox 416 2600 479 2659; x_wconf 85' lang='lat' dir='ltr'>saxi</span> <span class='ocrx_word' id='word_1_195' title='bbox 493 2601 529 2657; x_wconf 90' lang='lat' dir='ltr'>de</span> <span class='ocrx_word' id='word_1_196' title='bbox 542 2601 652 2659; x_wconf 89' lang='lat' dir='ltr'>vertice</span> <span class='ocrx_word' id='word_1_197' title='bbox 665 2611 770 2679; x_wconf 88' lang='lat' dir='ltr'>pastor.</span> 
     </span>
    </p>

    <p class='ocr_par' dir='ltr' id='par_1_31' title="bbox 105 2676 905 2758">
     <span class='ocr_line' id='line_1_32' title="bbox 105 2676 905 2758; baseline 0.003 -23"><span class='ocrx_word' id='word_1_198' title='bbox 105 2677 182 2736; x_wconf 92' lang='lat' dir='ltr'>Tum</span> <span class='ocrx_word' id='word_1_199' title='bbox 197 2676 266 2737; x_wconf 81' lang='lat' dir='ltr'>verb</span> <span class='ocrx_word' id='word_1_200' title='bbox 281 2679 433 2739; x_wconf 83' lang='lat' dir='ltr'>manifesta</span> <span class='ocrx_word' id='word_1_201' title='bbox 446 2676 529 2754; x_wconf 85' lang='lat' dir='ltr'>fides,</span> <span class='ocrx_word' id='word_1_202' title='bbox 545 2680 739 2758; x_wconf 75' lang='lat' dir='ltr'>Danaumque</span> <span class='ocrx_word' id='word_1_203' title='bbox 753 2687 905 2758; x_wconf 87' lang='lat' dir='ltr'>patescunt</span> 
     </span>
    </p>

    <p class='ocr_par' dir='ltr' id='par_1_32' title="bbox 105 2756 823 2837">
     <span class='ocr_line' id='line_1_33' title="bbox 105 2756 823 2837; baseline 0.004 -23"><span class='ocrx_word' id='word_1_204' title='bbox 105 2756 241 2816; x_wconf 82' lang='lat' dir='ltr'>Iusidiae:</span> <span class='ocrx_word' id='word_1_205' title='bbox 259 2761 321 2837; x_wconf 88' lang='lat' dir='ltr'>jam</span> <span class='ocrx_word' id='word_1_206' title='bbox 335 2760 484 2837; x_wconf 89' lang='lat' dir='ltr'>Deiphobi</span> <span class='ocrx_word' id='word_1_207' title='bbox 499 2759 580 2817; x_wconf 80' lang='lat' dir='ltr'>dedit</span> <span class='ocrx_word' id='word_1_208' title='bbox 593 2759 687 2835; x_wconf 87' lang='lat' dir='ltr'>ampla</span> <span class='ocrx_word' id='word_1_209' title='bbox 700 2760 823 2834; x_wconf 90' lang='lat' dir='ltr'>ruinam,</span> 
     </span>
    </p>

    <p class='ocr_par' dir='ltr' id='par_1_33' title="bbox 36 2835 890 2915">
     <span class='ocr_line' id='line_1_34' title="bbox 36 2835 890 2915; baseline 0.004 -22"><span class='ocrx_word' id='word_1_210' title='bbox 36 2866 39 2871; x_wconf 95' lang='lat'>·</span> <span class='ocrx_word' id='word_1_211' title='bbox 104 2835 239 2896; x_wconf 90' lang='lat' dir='ltr'>Vulcano</span> <span class='ocrx_word' id='word_1_212' title='bbox 253 2846 417 2915; x_wconf 78' lang='lat' dir='ltr'>superante,</span> <span class='ocrx_word' id='word_1_213' title='bbox 432 2839 553 2908; x_wconf 90' lang='lat' dir='ltr'>domus;</span> <span class='ocrx_word' id='word_1_214' title='bbox 571 2840 633 2914; x_wconf 90' lang='lat' dir='ltr'>jam</span> <span class='ocrx_word' id='word_1_215' title='bbox 646 2838 794 2913; x_wconf 87' lang='lat' dir='ltr'>proximus</span> <span class='ocrx_word' id='word_1_216' title='bbox 809 2837 890 2915; x_wconf 83' lang='lat' dir='ltr'>ardet</span> 
     </span>
    </p>

    <p class='ocr_par' dir='ltr' id='par_1_34' title="bbox 104 2914 765 2991">
     <span class='ocr_line' id='line_1_35' title="bbox 104 2914 765 2991; baseline -0.003 -17"><span class='ocrx_word' id='word_1_217' title='bbox 104 2914 255 2991; x_wconf 82' lang='lat' dir='ltr'>Ucalegon</span> <span class='ocrx_word' id='word_1_218' title='bbox 266 2936 274 2989; x_wconf 91' lang='lat'><strong>;</strong></span> <span class='ocrx_word' id='word_1_219' title='bbox 298 2916 385 2991; x_wconf 83' lang='lat' dir='ltr'>Sigea</span> <span class='ocrx_word' id='word_1_220' title='bbox 397 2916 458 2991; x_wconf 84' lang='lat' dir='ltr'>igni</span> <span class='ocrx_word' id='word_1_221' title='bbox 471 2916 543 2973; x_wconf 82' lang='lat' dir='ltr'>freta</span> <span class='ocrx_word' id='word_1_222' title='bbox 555 2914 613 2972; x_wconf 90' lang='lat' dir='ltr'>lata</span> <span class='ocrx_word' id='word_1_223' title='bbox 626 2914 765 2973; x_wconf 80' lang='lat' dir='ltr'>relucent</span> 
     </span>
    </p>

    <p class='ocr_par' dir='ltr' id='par_1_35' title="bbox 104 2992 869 3069">
     <span class='ocr_line' id='line_1_36' title="bbox 104 2992 869 3069; baseline 0.001 -20"><span class='ocrx_word' id='word_1_224' title='bbox 104 2992 244 3051; x_wconf 84' lang='lat' dir='ltr'>Exoritur</span> <span class='ocrx_word' id='word_1_225' title='bbox 257 2993 420 3069; x_wconf 89' lang='lat' dir='ltr'>clamorque</span> <span class='ocrx_word' id='word_1_226' title='bbox 433 2992 526 3050; x_wconf 80' lang='lat' dir='ltr'>viriam</span> <span class='ocrx_word' id='word_1_227' title='bbox 541 2992 713 3068; x_wconf 84' lang='lat' dir='ltr'>clangorque</span> <span class='ocrx_word' id='word_1_228' title='bbox 727 2992 869 3051; x_wconf 92' lang='lat' dir='ltr'>tubarum.</span> 
     </span>
    </p>

    <p class='ocr_par' dir='ltr' id='par_1_36' title="bbox 104 3070 848 3148">
     <span class='ocr_line' id='line_1_37' title="bbox 104 3070 848 3148; baseline 0.004 -21"><span class='ocrx_word' id='word_1_229' title='bbox 104 3071 195 3128; x_wconf 81' lang='lat' dir='ltr'>Arma</span> <span class='ocrx_word' id='word_1_230' title='bbox 208 3090 307 3129; x_wconf 88' lang='lat' dir='ltr'>amens</span> <span class='ocrx_word' id='word_1_231' title='bbox 321 3072 422 3148; x_wconf 87' lang='lat' dir='ltr'>capio;</span> <span class='ocrx_word' id='word_1_232' title='bbox 444 3090 498 3129; x_wconf 91' lang='lat' dir='ltr'>uec</span> <span class='ocrx_word' id='word_1_233' title='bbox 513 3079 557 3129; x_wconf 88' lang='lat' dir='ltr'>sat</span> <span class='ocrx_word' id='word_1_234' title='bbox 569 3071 686 3129; x_wconf 90' lang='lat' dir='ltr'>rationis</span> <span class='ocrx_word' id='word_1_235' title='bbox 699 3070 730 3129; x_wconf 92' lang='lat' dir='ltr'>iu</span> <span class='ocrx_word' id='word_1_236' title='bbox 745 3072 848 3146; x_wconf 79' lang='lat' dir='ltr'>armis3</span> 
     </span>
    </p>

    <p class='ocr_par' dir='ltr' id='par_1_37' title="bbox 106 3148 1100 3225">
     <span class='ocr_line' id='line_1_38' title="bbox 106 3148 1100 3225; baseline 0.007 -20"><span class='ocrx_word' id='word_1_237' title='bbox 106 3148 165 3206; x_wconf 89' lang='lat' dir='ltr'>Sed</span> <span class='ocrx_word' id='word_1_238' title='bbox 179 3149 337 3225; x_wconf 83' lang='lat' dir='ltr'>glomerare</span> <span class='ocrx_word' id='word_1_239' title='bbox 351 3168 468 3206; x_wconf 86' lang='lat' dir='ltr'>manum</span> <span class='ocrx_word' id='word_1_240' title='bbox 481 3148 569 3222; x_wconf 91' lang='lat' dir='ltr'>bello,</span> <span class='ocrx_word' id='word_1_241' title='bbox 584 3158 613 3207; x_wconf 89' lang='lat' dir='ltr'>et</span> <span class='ocrx_word' id='word_1_242' title='bbox 626 3169 797 3208; x_wconf 88' lang='lat' dir='ltr'>concurrere</span> <span class='ocrx_word' id='word_1_243' title='bbox 811 3151 842 3208; x_wconf 90' lang='lat' dir='ltr'>iu</span> <span class='ocrx_word' id='word_1_244' title='bbox 856 3168 956 3213; x_wconf 85' lang='lat' dir='ltr'>arcem</span> <span class='ocrx_word' id='word_1_245' title='bbox 1038 3160 1100 3217; x_wconf 77' lang='lat'>815</span> 
     </span>
    </p>

    <p class='ocr_par' dir='ltr' id='par_1_38' title="bbox 105 3227 869 3305">
     <span class='ocr_line' id='line_1_39' title="bbox 105 3227 869 3305; baseline 0.003 -20"><span class='ocrx_word' id='word_1_246' title='bbox 105 3228 182 3285; x_wconf 88' lang='lat' dir='ltr'>Cum</span> <span class='ocrx_word' id='word_1_247' title='bbox 196 3228 281 3287; x_wconf 89' lang='lat' dir='ltr'>sociis</span> <span class='ocrx_word' id='word_1_248' title='bbox 296 3228 396 3286; x_wconf 88' lang='lat' dir='ltr'>ardent</span> <span class='ocrx_word' id='word_1_249' title='bbox 410 3227 514 3285; x_wconf 88' lang='lat' dir='ltr'>animi:</span> <span class='ocrx_word' id='word_1_250' title='bbox 536 3227 614 3285; x_wconf 84' lang='lat' dir='ltr'>furor</span> <span class='ocrx_word' id='word_1_251' title='bbox 627 3228 725 3305; x_wconf 89' lang='lat' dir='ltr'>iraque</span> <span class='ocrx_word' id='word_1_252' title='bbox 740 3239 869 3288; x_wconf 91' lang='lat' dir='ltr'>mentem</span> 
     </span>
    </p>

    <p class='ocr_par' dir='ltr' id='par_1_39' title="bbox 104 3305 937 3463">
     <span class='ocr_line' id='line_1_40' title="bbox 104 3305 937 3385; baseline 0.004 -21"><span class='ocrx_word' id='word_1_253' title='bbox 104 3305 310 3385; x_wconf 76' lang='lat' dir='ltr'>Praecipitaut3</span> <span class='ocrx_word' id='word_1_254' title='bbox 331 3306 543 3383; x_wconf 90' lang='lat' dir='ltr'>pulchrumque</span> <span class='ocrx_word' id='word_1_255' title='bbox 557 3307 630 3365; x_wconf 90' lang='lat' dir='ltr'>mori</span> <span class='ocrx_word' id='word_1_256' title='bbox 644 3309 783 3367; x_wconf 86' lang='lat' dir='ltr'>succurrit</span> <span class='ocrx_word' id='word_1_257' title='bbox 796 3308 826 3366; x_wconf 91' lang='lat' dir='ltr'>iu</span> <span class='ocrx_word' id='word_1_258' title='bbox 841 3308 937 3367; x_wconf 89' lang='lat' dir='ltr'>armis.</span> 
     </span>
     <span class='ocr_line' id='line_1_41' title="bbox 145 3385 862 3463; baseline 0 -19"><span class='ocrx_word' id='word_1_259' title='bbox 145 3387 227 3445; x_wconf 88' lang='lat' dir='ltr'>Ecce</span> <span class='ocrx_word' id='word_1_260' title='bbox 242 3395 339 3445; x_wconf 89' lang='lat' dir='ltr'>autem</span> <span class='ocrx_word' id='word_1_261' title='bbox 353 3385 417 3445; x_wconf 90' lang='lat' dir='ltr'>telis</span> <span class='ocrx_word' id='word_1_262' title='bbox 432 3386 562 3443; x_wconf 83' lang='lat' dir='ltr'>Panthus</span> <span class='ocrx_word' id='word_1_263' title='bbox 577 3387 692 3463; x_wconf 88' lang='lat' dir='ltr'>elapsus</span> <span class='ocrx_word' id='word_1_264' title='bbox 706 3386 862 3463; x_wconf 76' lang='lat' dir='ltr'>Achivum,</span> 
     </span>
    </p>

    <p class='ocr_par' dir='ltr' id='par_1_40' title="bbox 105 3463 842 3542">
     <span class='ocr_line' id='line_1_42' title="bbox 105 3463 842 3542; baseline 0.003 -20"><span class='ocrx_word' id='word_1_265' title='bbox 105 3463 236 3524; x_wconf 87' lang='lat' dir='ltr'>Panthus</span> <span class='ocrx_word' id='word_1_266' title='bbox 251 3464 422 3542; x_wconf 90' lang='lat' dir='ltr'>Othryades,</span> <span class='ocrx_word' id='word_1_267' title='bbox 438 3465 510 3523; x_wconf 90' lang='lat' dir='ltr'>arcis</span> <span class='ocrx_word' id='word_1_268' title='bbox 524 3465 685 3541; x_wconf 89' lang='lat' dir='ltr'>Phoebiqnc</span> <span class='ocrx_word' id='word_1_269' title='bbox 700 3466 842 3540; x_wconf 85' lang='lat' dir='ltr'>sacerdos,</span> 
     </span>
    </p>

    <p class='ocr_par' dir='ltr' id='par_1_41' title="bbox 107 3543 1100 3623">
     <span class='ocr_line' id='line_1_43' title="bbox 107 3543 1100 3623; baseline 0.002 -23"><span class='ocrx_word' id='word_1_270' title='bbox 107 3543 196 3602; x_wconf 87' lang='lat' dir='ltr'>Sacra</span> <span class='ocrx_word' id='word_1_271' title='bbox 208 3564 305 3621; x_wconf 87' lang='lat' dir='ltr'>mauu,</span> <span class='ocrx_word' id='word_1_272' title='bbox 319 3545 469 3622; x_wconf 85' lang='lat' dir='ltr'>victosque</span> <span class='ocrx_word' id='word_1_273' title='bbox 484 3545 562 3619; x_wconf 92' lang='lat' dir='ltr'>deos,</span> <span class='ocrx_word' id='word_1_274' title='bbox 577 3562 754 3623; x_wconf 88' lang='lat' dir='ltr'>parvumque</span> <span class='ocrx_word' id='word_1_275' title='bbox 767 3552 915 3623; x_wconf 84' lang='lat' dir='ltr'>nepotem,</span> <span class='ocrx_word' id='word_1_276' title='bbox 1038 3554 1100 3613; x_wconf 73' lang='lat'>820</span> 
     </span>
    </p>

    <p class='ocr_par' dir='ltr' id='par_1_42' title="bbox 106 3621 830 3701">
     <span class='ocr_line' id='line_1_44' title="bbox 106 3621 830 3701; baseline 0.004 -22"><span class='ocrx_word' id='word_1_277' title='bbox 106 3621 174 3698; x_wconf 89' lang='lat' dir='ltr'>Ipse</span> <span class='ocrx_word' id='word_1_278' title='bbox 187 3622 282 3699; x_wconf 86' lang='lat' dir='ltr'>trahit,</span> <span class='ocrx_word' id='word_1_279' title='bbox 297 3643 438 3701; x_wconf 88' lang='lat' dir='ltr'>cursuque</span> <span class='ocrx_word' id='word_1_280' title='bbox 454 3642 553 3681; x_wconf 90' lang='lat' dir='ltr'>amens</span> <span class='ocrx_word' id='word_1_281' title='bbox 568 3624 603 3681; x_wconf 88' lang='lat' dir='ltr'>ad</span> <span class='ocrx_word' id='word_1_282' title='bbox 616 3623 717 3682; x_wconf 92' lang='lat' dir='ltr'>limina</span> <span class='ocrx_word' id='word_1_283' title='bbox 730 3624 830 3682; x_wconf 78' lang='lat' dir='ltr'>tendit</span> 
     </span>
    </p>

    <p class='ocr_par' dir='ltr' id='par_1_43' title="bbox 107 3700 1032 3782">
     <span class='ocr_line' id='line_1_45' title="bbox 107 3700 1032 3782; baseline 0.001 -22"><span class='ocrx_word' id='word_1_284' title='bbox 107 3700 175 3771; x_wconf 82' lang='lat' dir='ltr'>Quo</span> <span class='ocrx_word' id='word_1_285' title='bbox 188 3720 234 3761; x_wconf 87' lang='lat' dir='ltr'>res</span> <span class='ocrx_word' id='word_1_286' title='bbox 248 3721 362 3761; x_wconf 93' lang='lat' dir='ltr'>summa</span> <span class='ocrx_word' id='word_1_287' title='bbox 375 3703 448 3779; x_wconf 92' lang='lat' dir='ltr'>loco,</span> <span class='ocrx_word' id='word_1_288' title='bbox 463 3702 599 3762; x_wconf 87' lang='lat' dir='ltr'>Panthu?</span> <span class='ocrx_word' id='word_1_289' title='bbox 621 3723 706 3781; x_wconf 87' lang='lat' dir='ltr'>quam</span> <span class='ocrx_word' id='word_1_290' title='bbox 719 3702 889 3782; x_wconf 84' lang='lat' dir='ltr'>prendimus</span> <span class='ocrx_word' id='word_1_291' title='bbox 903 3708 1032 3767; x_wconf 80' lang='lat' dir='ltr'>arcem?</span> 
     </span>
    </p>
   </div>
   <div class='ocr_carea' id='block_1_3' title="bbox 0 0 1204 4178">
    <p class='ocr_par' dir='ltr' id='par_1_44' title="bbox 0 0 1204 4178">
     <span class='ocr_line' id='line_1_46' title="bbox 0 0 1204 4178; baseline 0 0"><span class='ocrx_word' id='word_1_292' title='bbox 0 0 1204 4178; x_wconf 95' lang='lat' dir='ltr'> </span> 
     </span>
    </p>
   </div>
  </div>
 </body>
</html>
