2400 4178
105 200 160 255 216
506 196 688 251 AENEIDOS

107 346 256 403 AEueadus
270 364 399 421 mugnus,
412 353 443 403 et
455 344 552 403 nobile
565 344 754 403 Pallanteum.

107 424 186 480 Hinc
200 424 318 481 lucum
310 431 466 499 ingentem,
480 442 566 499 quem
580 421 724 480 Romulus
737 438 804 479 acer
816 417 929 479 aslum

105 501 238 575 Retulit,
259 510 289 559 et
302 502 396 575 gelidi
410 508 547 559 monstrat
560 499 614 557 sub
627 518 697 576 rupe
711 438 890 575 Lupus-i.

106 544 258 637 Parrhasio
271 580 378 639 dictum
393 578 489 636 Panos
501 578 538 635 de
553 595 632 636 more
644 577 752 653 Lycei.

106 657 172 715 Nec
186 677 243 714 non
257 666 286 714 et
298 656 369 713 sacri
384 664 523 713 monstrat
535 674 639 713 nemus
652 654 784 730 Argileti,
1031 660 1094 715 845

106 736 240 793 Testatur
260 752 296 791 ue
309 734 415 807 locum,
428 742 459 791 et
471 733 560 791 letum
574 733 659 791 docet
671 732 792 809 hospitis
803 731 884 808 Argi.

107 813 185 871 Hinc
201 813 235 870 ad
279 812 406 887 arpeiam
419 811 518 869 sedern
533 820 562 869 et
575 810 719 886 Capitolia
731 810 820 885 ducit,

107 892 204 947 Aurea
216 908 302 963 nune,
317 890 385 947 olim
399 889 576 947 silvestribus
588 888 704 946 horrida
716 888 820 947 dumis.

104 968 170 1025 Jam
184 978 244 1025 tum
258 968 368 1060 relligio
382 967 502 1044 pavidos
516 966 639 1025 terrebat
652 974 777 1041 agrestes

106 1045 178 1103 Dira
191 1046 264 1103 loci
257 1049 344 1123 ,jarn
359 1055 419 1103 tum
434 1046 534 1103 silvam
548 1063 706 1120 saxumque
720 1042 889 1103 tremebant.

107 1124 173 1181 Hoc
188 1142 300 1198 nemus,
315 1124 392 1180 huuc
394 1124 517 1200 ,inquit
532 1122 666 1179 frondoso
680 1122 788 1180 vertice
802 1120 917 1213 collem,

109 1201 182 1272 Quis
196 1202 277 1274 deus,
291 1166 439 1263 incertum
448 1210 501 1275 est,
515 1200 625 1259 habitat
637 1200 728 1258 deus.
748 1199 899 1258 Arcades
889 1216 990 1277 speum

107 1280 236 1337 Credunt
248 1298 280 1335 se
294 1279 399 1337 uidisse
411 1278 525 1353 lolem,
539 1297 630 1356 quum
644 1296 723 1355 ssepe
737 1278 898 1352 nigrantem

106 1358 214 1433 AEgida
227 1365 394 1416 concuteret
407 1357 517 1431 dextri,
531 1355 702 1433 nimbosque
716 1357 814 1414 cieret.

107 1436 180 1492 Hsec
193 1437 251 1493 duo
264 1443 403 1511 praeterea
415 1435 541 1513 disjectis
555 1435 661 1512 oppida
673 1434 771 1507 mutis,
1031 1438 1093 1495 355

106 1514 255 1589 Reliquias
269 1522 455 1587 reterumque
469 1514 550 1570 vides
564 1520 751 1570 monumenta
763 1511 910 1569 virorum:

107 1591 191 1647 Hauc
204 1591 293 1648 Janus
306 1599 397 1667 pater,
411 1590 486 1648 hanc
501 1591 639 1648 Saturnus
653 1589 782 1648 condidit
795 1608 910 1663 arcem

104 1668 270 1725 ianiculum
286 1668 363 1743 huic,
378 1668 419 1725 illi
433 1667 525 1726 fuerat
539 1668 672 1726 Saturnia
684 1686 799 1726 nomen

106 1746 225 1804 Talibus
239 1748 313 1805 iuter
326 1765 357 1804 se
371 1746 455 1804 dictis
468 1746 504 1804 ad
518 1754 595 1804 tecta
608 1746 742 1804 subibant

106 1825 244 1901 Pauperis
258 1825 398 1897 Evandri,
411 1825 575 1901 passimque
589 1833 717 1884 armenta
729 1823 867 1883 videbant
1031 1828 1096 1885 360

104 1905 296 1979 Romanoque
309 1903 370 1962 soro
384 1910 413 1962 et
426 1903 509 1962 lautis
523 1903 644 1995 mugire·
647 1903 768 1961 Carinis.
980 1970 984 1977 Ι

104 1982 147 2042 Ut
160 1992 278 2039 tentum
294 1981 329 2039 ad
343 1982 445 2039 sedes.
467 1982 574 2057 Haec,
566 2001 595 2039 rn
598 1981 667 2059 quit,
681 1981 782 2039 limina
794 1979 886 2037 victor

105 2061 222 2118 Alcides
236 2059 342 2132 subiit;
363 2059 427 2117 haec
441 2060 521 2117 illum
535 2059 614 2134 regia
626 2059 711 2136 cepit

104 2139 199 2213 Ande,
213 2137 328 2214 hospes,
343 2145 527 2195 contemnere
541 2155 620 2212 opes,
634 2144 664 2195 et
676 2144 705 2193 te
719 2153 834 2226 quoque
847 2134 971 2212 dignum
1027 2196 1036 2209 ‚

104 2216 198 2291 Finge
212 2216 285 2287 deo;
308 2214 448 2290 rebusque
461 2215 528 2272 veni
542 2233 600 2270 non
614 2232 697 2290 asper
709 2213 861 2289 egenis.
1033 2220 1097 2276 365

105 2293 206 2364 Βιιιιι;
229 2302 257 2350 et
271 2294 383 2368 angusti
396 2291 494 2350 subter
507 2291 619 2383 fastigia
631 2292 700 2350 tecti

106 2370 256 2443 Ingentem
271 2370 385 2428 AEnean
400 2368 492 2444 duxit,
506 2370 656 2447 stratisque
668 2369 775 2428 locavit

105 2448 247 2506 Effultum
261 2448 336 2506 soliis
350 2457 378 2507 et
391 2448 468 2525 pelle
481 2390 639 2526 Libystidis
652 2467 736 2507 ursae

103 2527 135 2585 N
137 2547 174 2584 ox
188 2528 253 2602 ruit,
268 2526 324 2585 etf
322 2527 397 2585 uscis
411 2527 542 2585 tellurem
557 2527 739 2603 amplectitur
751 2525 813 2584 alis.

143 2608 183 2662 lt
197 2606 299 2664 Venus
313 2605 390 2665 haud
405 2606 500 2664 animo
514 2606 710 2683 nequidquam
724 2603 860 2664 exterrita
871 2610 976 2681 mater,
1033 2610 1098 2669 370

105 2684 339 2761 Laurentumque
353 2685 439 2743 minis
453 2694 482 2745 et
495 2686 567 2743 duro
581 2693 658 2743 mota
671 2684 803 2777 tumultu,

105 2762 269 2822 Vulcanum
283 2763 445 2841 alloquitur,
460 2763 645 2839 thalamoque
658 2763 722 2821 haee
735 2761 865 2840 conjugis
879 2778 970 2820 nureo

106 2840 221 2918 Incipit,
236 2850 265 2900 et
278 2842 361 2914 dictis
375 2842 505 2899 divinum
519 2842 643 2918 adspirat
656 2858 801 2899 amorem:

105 2919 184 2975 Dum
198 2919 275 2976 bello
290 2920 418 2995 Argolici
430 2918 580 2977 vastabant
593 2918 734 2994 Pergama
746 2936 829 2994 reges

105 2996 221 3070 Debita,
236 3015 350 3054 casuras
370 3015 408 3086 ue
421 2996 547 3054 inimicis
560 2996 674 3073 ignibus
688 3016 779 3072 arces,
835 3024 842 3037 ·
1034 3003 1101 3061 875

104 3072 136 3130 N
137 3093 173 3129 on
187 3073 278 3131 ullum
293 3092 310 3130 a
352 3073 432 3131 ‘'um
445 3074 566 3150 miseris,
581 3095 639 3133 non
654 3095 732 3133 mma
743 3073 842 3168 rogari

105 3151 182 3208 Artis
196 3152 315 3228 opisque
328 3157 405 3223 tuae3
426 3170 480 3209 uec
494 3159 533 3228 te,
547 3153 693 3211 carissime
706 3156 823 3231 conjux,
928 3198 932 3205 .

107 3229 291 3288 Incassumve
305 3235 370 3287 tuos
383 3229 462 3287 volui
476 3248 612 3288 exercere
625 3230 756 3303 labores;

106 3308 247 3379 Quamvis
261 3316 290 3367 et
303 3306 413 3365 Priami
426 3306 562 3365 deberem
575 3307 698 3402 plurima
711 3273 795 3384 neiis,

105 3387 146 3445 Et
159 3388 262 3445 durum
276 3386 382 3444 AEneoe
395 3385 541 3444 flevissem
555 3405 635 3462 saepe
621 3383 784 3444 laborem.
1037 3398 1101 3455 380

105 3465 136 3522 N
138 3484 194 3523 unc
206 3464 308 3524 Jovis
300 3464 427 3542 imperiis
440 3464 612 3522 Rutulorum
627 3465 755 3524 constitit
768 3465 844 3524 oris:

106 3542 185 3618 Ergo
199 3545 300 3602 eadem
314 3542 436 3620 supplex
448 3543 545 3617 venio,
559 3550 589 3601 et
601 3552 682 3602 sanct
684 3563 732 3601 um
745 3542 820 3602 mihi
832 3560 944 3604 numen

106 3621 195 3677 Arma
207 3640 276 3697 rogo
290 3622 420 3698 genetrix
435 3630 511 3679 nato.
552 3621 597 3680 Te
611 3621 671 3680 filia
684 3623 784 3698 Nerei,

106 3696 151 3757 Te
163 3700 258 3776 potuit
270 3700 403 3778 lacrymis
417 3698 555 3759 Tithonia
566 3700 683 3760 flectere
697 3702 812 3779 conjux.
920 3744 926 3753 .
