<?xml version="1.0" encoding="UTF-8"?>
<!DOCTYPE html PUBLIC "-//W3C//DTD XHTML 1.0 Transitional//EN"
    "http://www.w3.org/TR/xhtml1/DTD/xhtml1-transitional.dtd">
<html xmlns="http://www.w3.org/1999/xhtml" xml:lang="en" lang="en">
 <head>
  <title>
</title>
<meta http-equiv="Content-Type" content="text/html;charset=utf-8" />
  <meta name='ocr-system' content='tesseract 3.04.00' />
  <meta name='ocr-capabilities' content='ocr_page ocr_carea ocr_par ocr_line ocrx_word'/>
</head>
<body>
  <div class='ocr_page' id='page_1' title='image "./bucolicageorgic02virggoog/bucolicageorgic02virggoog_0118.png"; bbox 0 0 2400 4178; ppageno 0'>
   <div class='ocr_carea' id='block_1_1' title="bbox 505 146 706 253">
    <p class='ocr_par' dir='ltr' id='par_1_1' title="bbox 505 146 706 253">
     <span class='ocr_line' id='line_1_1' title="bbox 505 146 706 253; baseline 0.02 -4"><span class='ocrx_word' id='word_1_1' title='bbox 505 146 706 253; x_wconf 15' lang='lat' dir='ltr'><strong>nauum*</strong></span> 
     </span>
    </p>
   </div>
   <div class='ocr_carea' id='block_1_2' title="bbox 56 338 1094 3793">
    <p class='ocr_par' dir='ltr' id='par_1_2' title="bbox 56 338 730 421">
     <span class='ocr_line' id='line_1_2' title="bbox 56 338 730 421; baseline -0.003 -19"><span class='ocrx_word' id='word_1_2' title='bbox 56 338 60 345; x_wconf 74' lang='grc'><strong>’</strong></span> <span class='ocrx_word' id='word_1_3' title='bbox 107 341 170 402; x_wconf 89' lang='lat' dir='ltr'><strong>Et</strong></span> <span class='ocrx_word' id='word_1_4' title='bbox 157 361 219 421; x_wconf 84' lang='lat' dir='ltr'><strong>Jam</strong></span> <span class='ocrx_word' id='word_1_5' title='bbox 232 341 389 420; x_wconf 66' lang='lat' dir='ltr'><strong>putb‘eibus</strong></span> <span class='ocrx_word' id='word_1_6' title='bbox 401 342 501 401; x_wconf 88' lang='lat' dir='ltr'><strong>vacuis</strong></span> <span class='ocrx_word' id='word_1_7' title='bbox 513 343 636 402; x_wconf 87' lang='lat' dir='ltr'><strong>Junonis</strong></span> <span class='ocrx_word' id='word_1_8' title='bbox 650 342 730 420; x_wconf 84' lang='lat' dir='ltr'><strong>asylo</strong></span> 
     </span>
    </p>

    <p class='ocr_par' dir='ltr' id='par_1_3' title="bbox 92 420 1094 3083">
     <span class='ocr_line' id='line_1_3' title="bbox 92 420 744 498; baseline 0 -19"><span class='ocrx_word' id='word_1_9' title='bbox 92 420 251 480; x_wconf 86' lang='lat' dir='ltr'><strong>&#39;Custodes</strong></span> <span class='ocrx_word' id='word_1_10' title='bbox 265 420 334 480; x_wconf 83' lang='lat' dir='ltr'><strong>lecti</strong></span> <span class='ocrx_word' id='word_1_11' title='bbox 346 420 474 479; x_wconf 85' lang='lat' dir='ltr'><strong>Phoenix</strong></span> <span class='ocrx_word' id='word_1_12' title='bbox 487 429 517 479; x_wconf 89' lang='lat' dir='ltr'><strong>ct</strong></span> <span class='ocrx_word' id='word_1_13' title='bbox 530 422 608 480; x_wconf 89' lang='lat' dir='ltr'><strong>dirus</strong></span> <span class='ocrx_word' id='word_1_14' title='bbox 622 422 744 498; x_wconf 89' lang='lat' dir='ltr'><strong>Ulysses</strong></span> 
     </span>
     <span class='ocr_line' id='line_1_4' title="bbox 107 498 864 577; baseline 0.003 -18"><span class='ocrx_word' id='word_1_15' title='bbox 107 500 240 559; x_wconf 73' lang='lat' dir='ltr'><strong>Praedam</strong></span> <span class='ocrx_word' id='word_1_16' title='bbox 255 498 453 558; x_wconf 81' lang='lat' dir='ltr'><strong>asservabant:</strong></span> <span class='ocrx_word' id='word_1_17' title='bbox 476 499 534 558; x_wconf 92' lang='lat' dir='ltr'><strong>huc</strong></span> <span class='ocrx_word' id='word_1_18' title='bbox 548 500 676 577; x_wconf 79' lang='lat' dir='ltr'><strong>undique</strong></span> <span class='ocrx_word' id='word_1_19' title='bbox 687 499 780 560; x_wconf 79' lang='lat' dir='ltr'><strong>Troia</strong></span> <span class='ocrx_word' id='word_1_20' title='bbox 792 520 864 577; x_wconf 86' lang='lat' dir='ltr'><strong>gaza</strong></span> 
     </span>
     <span class='ocr_line' id='line_1_5' title="bbox 109 577 791 671; baseline 0.001 -35"><span class='ocrx_word' id='word_1_21' title='bbox 109 577 239 636; x_wconf 87' lang='lat' dir='ltr'><strong>lucensis</strong></span> <span class='ocrx_word' id='word_1_22' title='bbox 253 586 351 654; x_wconf 89' lang='lat' dir='ltr'><strong>erepta</strong></span> <span class='ocrx_word' id='word_1_23' title='bbox 364 578 465 654; x_wconf 81' lang='lat' dir='ltr'><strong>adytis,</strong></span> <span class='ocrx_word' id='word_1_24' title='bbox 480 597 647 655; x_wconf 85' lang='lat' dir='ltr'><strong>mensaeque</strong></span> <span class='ocrx_word' id='word_1_25' title='bbox 661 579 791 671; x_wconf 82' lang='lat' dir='ltr'><strong>deorum,</strong></span> 
     </span>
     <span class='ocr_line' id='line_1_6' title="bbox 109 654 887 734; baseline 0.001 -19"><span class='ocrx_word' id='word_1_26' title='bbox 109 658 299 733; x_wconf 86' lang='lat' dir='ltr'><strong>Crateresque</strong></span> <span class='ocrx_word' id='word_1_27' title='bbox 313 675 381 714; x_wconf 91' lang='lat' dir='ltr'><strong>auro</strong></span> <span class='ocrx_word' id='word_1_28' title='bbox 395 656 479 714; x_wconf 90' lang='lat' dir='ltr'><strong>solidi</strong></span> <span class='ocrx_word' id='word_1_29' title='bbox 480 657 674 734; x_wconf 86' lang='lat' dir='ltr'><strong>,captivaque</strong></span> <span class='ocrx_word' id='word_1_30' title='bbox 687 658 777 717; x_wconf 88' lang='lat' dir='ltr'><strong>vestis</strong></span> <span class='ocrx_word' id='word_1_31' title='bbox 830 655 833 662; x_wconf 78' lang='lat'>&#39;</span> <span class='ocrx_word' id='word_1_32' title='bbox 849 680 851 684; x_wconf 93' lang='lat'>·</span> <span class='ocrx_word' id='word_1_33' title='bbox 885 654 887 658; x_wconf 69' lang='grc'><strong>’</strong></span> 
     </span>
     <span class='ocr_line' id='line_1_7' title="bbox 109 735 905 830; baseline 0.004 -38"><span class='ocrx_word' id='word_1_34' title='bbox 109 736 298 830; x_wconf 78' lang='lat' dir='ltr'>congeritur:</span> <span class='ocrx_word' id='word_1_35' title='bbox 319 735 402 812; x_wconf 83' lang='lat' dir='ltr'><strong>pueri</strong></span> <span class='ocrx_word' id='word_1_36' title='bbox 416 743 446 794; x_wconf 88' lang='lat' dir='ltr'><strong>et</strong></span> <span class='ocrx_word' id='word_1_37' title='bbox 457 736 570 813; x_wconf 78' lang='lat' dir='ltr'><strong>pavidae</strong></span> <span class='ocrx_word' id='word_1_38' title='bbox 582 735 671 812; x_wconf 88' lang='lat' dir='ltr'><strong>longo</strong></span> <span class='ocrx_word' id='word_1_39' title='bbox 685 736 785 795; x_wconf 84' lang='lat' dir='ltr'><strong>ordine</strong></span> <span class='ocrx_word' id='word_1_40' title='bbox 799 743 905 796; x_wconf 87' lang='lat' dir='ltr'><strong>matres</strong></span> 
     </span>
     <span class='ocr_line' id='line_1_8' title="bbox 110 814 324 872; baseline -0.005 -1"><span class='ocrx_word' id='word_1_41' title='bbox 110 814 231 872; x_wconf 88' lang='lat' dir='ltr'><strong>Stant</strong></span> <span class='ocrx_word' id='word_1_42' title='bbox 206 833 324 872; x_wconf 81' lang='lat' dir='ltr'><strong>circum.</strong></span> 
     </span>
     <span class='ocr_line' id='line_1_9' title="bbox 108 892 832 973; baseline 0.001 -23"><span class='ocrx_word' id='word_1_43' title='bbox 108 894 205 950; x_wconf 90' lang='lat' dir='ltr'><strong>Ausus</strong></span> <span class='ocrx_word' id='word_1_44' title='bbox 220 893 287 970; x_wconf 94' lang='lat' dir='ltr'><strong>quin</strong></span> <span class='ocrx_word' id='word_1_45' title='bbox 303 892 389 951; x_wconf 88' lang='lat' dir='ltr'><strong>etiam</strong></span> <span class='ocrx_word' id='word_1_46' title='bbox 401 910 490 949; x_wconf 84' lang='lat' dir='ltr'><strong>voces</strong></span> <span class='ocrx_word' id='word_1_47' title='bbox 500 893 611 969; x_wconf 88' lang='lat' dir='ltr'><strong>jactare</strong></span> <span class='ocrx_word' id='word_1_48' title='bbox 624 911 677 973; x_wconf 86' lang='lat' dir='ltr'><strong>per</strong></span> <span class='ocrx_word' id='word_1_49' title='bbox 689 892 832 968; x_wconf 86' lang='lat' dir='ltr'><strong>umbram,</strong></span> 
     </span>
     <span class='ocr_line' id='line_1_10' title="bbox 109 911 803 1048; baseline 0 -21"><span class='ocrx_word' id='word_1_50' title='bbox 109 969 233 1048; x_wconf 85' lang='lat' dir='ltr'>Implevi</span> <span class='ocrx_word' id='word_1_51' title='bbox 247 970 457 1044; x_wconf 75' lang='lat' dir='ltr'><strong>clamaremus,</strong></span> <span class='ocrx_word' id='word_1_52' title='bbox 472 911 648 1047; x_wconf 60' lang='lat' dir='ltr'><strong>mbestusque</strong></span> <span class='ocrx_word' id='word_1_53' title='bbox 663 972 803 1029; x_wconf 76' lang='lat' dir='ltr'><strong>Creusam</strong></span> 
     </span>
     <span class='ocr_line' id='line_1_11' title="bbox 108 1022 1093 1127; baseline 0.003 -21"><span class='ocrx_word' id='word_1_54' title='bbox 108 1049 335 1141; x_wconf 82' lang='lat' dir='ltr'><strong>Nequidquam</strong></span> <span class='ocrx_word' id='word_1_55' title='bbox 327 1048 509 1124; x_wconf 83' lang='lat' dir='ltr'><strong>ingeminans</strong></span> <span class='ocrx_word' id='word_1_56' title='bbox 522 1048 686 1125; x_wconf 89' lang='lat' dir='ltr'><strong>iterumque</strong></span> <span class='ocrx_word' id='word_1_57' title='bbox 696 1049 858 1127; x_wconf 83' lang='lat' dir='ltr'><strong>iterumque</strong></span> <span class='ocrx_word' id='word_1_58' title='bbox 868 1050 978 1109; x_wconf 81' lang='lat' dir='ltr'><strong>vocavi.</strong></span> <span class='ocrx_word' id='word_1_59' title='bbox 1034 1022 1093 1109; x_wconf 67' lang='grc'><strong>770</strong></span> 
     </span>
     <span class='ocr_line' id='line_1_12' title="bbox 111 1126 759 1197; baseline 0.005 -14"><span class='ocrx_word' id='word_1_60' title='bbox 111 1128 258 1197; x_wconf 77' lang='lat' dir='ltr'><strong>Quaerent&#39;</strong></span> <span class='ocrx_word' id='word_1_61' title='bbox 252 1147 261 1184; x_wconf 90' lang='lat'><em>1</em></span> <span class='ocrx_word' id='word_1_62' title='bbox 239 1135 304 1184; x_wconf 89' lang='lat' dir='ltr'><strong>tet</strong></span> <span class='ocrx_word' id='word_1_63' title='bbox 317 1128 400 1184; x_wconf 91' lang='lat' dir='ltr'><strong>tectis</strong></span> <span class='ocrx_word' id='word_1_64' title='bbox 413 1126 528 1183; x_wconf 93' lang='lat' dir='ltr'><strong>urbis&#39;</strong></span> <span class='ocrx_word' id='word_1_65' title='bbox 506 1146 568 1184; x_wconf 91' lang='lat' dir='ltr'><strong>s1ne</strong></span> <span class='ocrx_word' id='word_1_66' title='bbox 582 1127 641 1184; x_wconf 92' lang='lat' dir='ltr'><strong>fine</strong></span> <span class='ocrx_word' id='word_1_67' title='bbox 654 1127 759 1186; x_wconf 84' lang='lat' dir='ltr'><strong>furenti</strong></span> 
     </span>
     <span class='ocr_line' id='line_1_13' title="bbox 109 1205 864 1281; baseline 0.004 -20"><span class='ocrx_word' id='word_1_68' title='bbox 109 1205 217 1262; x_wconf 84' lang='lat' dir='ltr'><strong>Infelix</strong></span> <span class='ocrx_word' id='word_1_69' title='bbox 231 1205 416 1263; x_wconf 82' lang='lat' dir='ltr'><strong>simulacrum</strong></span> <span class='ocrx_word' id='word_1_70' title='bbox 431 1212 515 1280; x_wconf 90' lang='lat' dir='ltr'><strong>atque</strong></span> <span class='ocrx_word' id='word_1_71' title='bbox 528 1205 617 1281; x_wconf 91' lang='lat' dir='ltr'><strong>ipsius</strong></span> <span class='ocrx_word' id='word_1_72' title='bbox 632 1207 733 1264; x_wconf 90' lang='lat' dir='ltr'><strong>umbra</strong></span> <span class='ocrx_word' id='word_1_73' title='bbox 746 1207 864 1264; x_wconf 78' lang='lat' dir='ltr'><strong>Creusae</strong></span> 
     </span>
     <span class='ocr_line' id='line_1_14' title="bbox 109 1282 895 1360; baseline 0.003 -21"><span class='ocrx_word' id='word_1_74' title='bbox 109 1283 182 1340; x_wconf 88' lang='lat' dir='ltr'><strong>Visa</strong></span> <span class='ocrx_word' id='word_1_75' title='bbox 196 1283 331 1341; x_wconf 91' lang='lat' dir='ltr'><strong>mihit</strong></span> <span class='ocrx_word' id='word_1_76' title='bbox 282 1292 331 1341; x_wconf 92' lang='lat' dir='ltr'><strong>ant</strong></span> <span class='ocrx_word' id='word_1_77' title='bbox 332 1302 348 1340; x_wconf 91' lang='lat' dir='ltr'><strong>e</strong></span> <span class='ocrx_word' id='word_1_78' title='bbox 362 1282 471 1357; x_wconf 90' lang='lat' dir='ltr'><strong>oculos,</strong></span> <span class='ocrx_word' id='word_1_79' title='bbox 487 1291 516 1341; x_wconf 88' lang='lat' dir='ltr'><strong>ct</strong></span> <span class='ocrx_word' id='word_1_80' title='bbox 529 1284 597 1342; x_wconf 78' lang='lat' dir='ltr'><strong>nota</strong></span> <span class='ocrx_word' id='word_1_81' title='bbox 611 1286 710 1360; x_wconf 89' lang='lat' dir='ltr'><strong>major</strong></span> <span class='ocrx_word' id='word_1_82' title='bbox 714 1285 818 1359; x_wconf 83' lang='lat' dir='ltr'><strong>imago.</strong></span> <span class='ocrx_word' id='word_1_83' title='bbox 890 1285 895 1297; x_wconf 90' lang='lat'>&#39;</span> 
     </span>
     <span class='ocr_line' id='line_1_15' title="bbox 110 1361 955 1440; baseline 0.002 -21"><span class='ocrx_word' id='word_1_84' title='bbox 110 1361 264 1440; x_wconf 89' lang='lat' dir='ltr'><strong>Obstupui,</strong></span> <span class='ocrx_word' id='word_1_85' title='bbox 280 1369 474 1438; x_wconf 89' lang='lat' dir='ltr'><strong>steteruntque</strong></span> <span class='ocrx_word' id='word_1_86' title='bbox 488 1380 589 1436; x_wconf 74' lang='lat' dir='ltr'><strong>comae,</strong></span> <span class='ocrx_word' id='word_1_87' title='bbox 606 1370 634 1420; x_wconf 88' lang='lat' dir='ltr'><strong>et</strong></span> <span class='ocrx_word' id='word_1_88' title='bbox 647 1380 705 1419; x_wconf 85' lang='lat' dir='ltr'><strong>vox</strong></span> <span class='ocrx_word' id='word_1_89' title='bbox 718 1362 847 1421; x_wconf 85' lang='lat' dir='ltr'><strong>saucibus</strong></span> <span class='ocrx_word' id='word_1_90' title='bbox 860 1362 955 1422; x_wconf 73' lang='lat' dir='ltr'><strong>haesit.</strong></span> 
     </span>
     <span class='ocr_line' id='line_1_16' title="bbox 109 1440 791 1514; baseline -0.001 -17"><span class='ocrx_word' id='word_1_91' title='bbox 109 1440 186 1498; x_wconf 90' lang='lat' dir='ltr'><strong>Turn</strong></span> <span class='ocrx_word' id='word_1_92' title='bbox 201 1442 242 1499; x_wconf 89' lang='lat' dir='ltr'><strong>sic</strong></span> <span class='ocrx_word' id='word_1_93' title='bbox 256 1440 345 1514; x_wconf 88' lang='lat' dir='ltr'><strong>affari,</strong></span> <span class='ocrx_word' id='word_1_94' title='bbox 360 1448 394 1498; x_wconf 86' lang='lat' dir='ltr'><strong>et·</strong></span> <span class='ocrx_word' id='word_1_95' title='bbox 403 1459 485 1497; x_wconf 89' lang='lat' dir='ltr'><strong>curas</strong></span> <span class='ocrx_word' id='word_1_96' title='bbox 499 1440 544 1497; x_wconf 91' lang='lat' dir='ltr'><strong>his</strong></span> <span class='ocrx_word' id='word_1_97' title='bbox 559 1442 674 1498; x_wconf 90' lang='lat' dir='ltr'><strong>demere</strong></span> <span class='ocrx_word' id='word_1_98' title='bbox 689 1441 791 1498; x_wconf 90' lang='lat' dir='ltr'><strong>dictis:</strong></span> 
     </span>
     <span class='ocr_line' id='line_1_17' title="bbox 110 1517 798 1596; baseline -0.001 -20"><span class='ocrx_word' id='word_1_99' title='bbox 110 1519 190 1589; x_wconf 84' lang='lat' dir='ltr'><strong>Quid</strong></span> <span class='ocrx_word' id='word_1_100' title='bbox 200 1517 311 1577; x_wconf 80' lang='lat' dir='ltr'><strong>tantum</strong></span> <span class='ocrx_word' id='word_1_101' title='bbox 325 1520 426 1576; x_wconf 87' lang='lat' dir='ltr'><strong>insano</strong></span> <span class='ocrx_word' id='word_1_102' title='bbox 437 1521 520 1596; x_wconf 88' lang='lat' dir='ltr'><strong>juvat</strong></span> <span class='ocrx_word' id='word_1_103' title='bbox 532 1519 682 1594; x_wconf 90' lang='lat' dir='ltr'><strong>indulgere</strong></span> <span class='ocrx_word' id='word_1_104' title='bbox 697 1519 798 1594; x_wconf 91' lang='lat' dir='ltr'><strong>dolori,</strong></span> 
     </span>
     <span class='ocr_line' id='line_1_18' title="bbox 111 1596 869 1675; baseline 0.001 -20"><span class='ocrx_word' id='word_1_105' title='bbox 111 1597 136 1656; x_wconf 93' lang='lat'>0</span> <span class='ocrx_word' id='word_1_106' title='bbox 152 1598 243 1655; x_wconf 91' lang='lat' dir='ltr'><strong>dulcis</strong></span> <span class='ocrx_word' id='word_1_107' title='bbox 258 1600 385 1675; x_wconf 84' lang='lat' dir='ltr'><strong>conjux?</strong></span> <span class='ocrx_word' id='word_1_108' title='bbox 407 1612 465 1654; x_wconf 88' lang='lat' dir='ltr'><strong>nun</strong></span> <span class='ocrx_word' id='word_1_109' title='bbox 479 1597 543 1655; x_wconf 84' lang='lat' dir='ltr'><strong>haec</strong></span> <span class='ocrx_word' id='word_1_110' title='bbox 557 1599 621 1655; x_wconf 88' lang='lat' dir='ltr'><strong>sine</strong></span> <span class='ocrx_word' id='word_1_111' title='bbox 635 1598 755 1655; x_wconf 89' lang='lat' dir='ltr'><strong>numine</strong></span> <span class='ocrx_word' id='word_1_112' title='bbox 769 1596 869 1656; x_wconf 78' lang='lat' dir='ltr'><strong>divium</strong></span> 
     </span>
     <span class='ocr_line' id='line_1_19' title="bbox 110 1675 1037 1752; baseline 0.003 -20"><span class='ocrx_word' id='word_1_113' title='bbox 110 1675 276 1734; x_wconf 87' lang='lat' dir='ltr'><strong>Eveniunt:</strong></span> <span class='ocrx_word' id='word_1_114' title='bbox 299 1694 354 1732; x_wconf 91' lang='lat' dir='ltr'><strong>nec</strong></span> <span class='ocrx_word' id='word_1_115' title='bbox 367 1676 478 1732; x_wconf 90' lang='lat' dir='ltr'><strong>tehinc</strong></span> <span class='ocrx_word' id='word_1_116' title='bbox 492 1677 627 1734; x_wconf 90' lang='lat' dir='ltr'><strong>comitem</strong></span> <span class='ocrx_word' id='word_1_117' title='bbox 643 1683 785 1752; x_wconf 90' lang='lat' dir='ltr'><strong>asportare</strong></span> <span class='ocrx_word' id='word_1_118' title='bbox 800 1677 940 1735; x_wconf 81' lang='lat' dir='ltr'><strong>Creusam</strong></span> <span class='ocrx_word' id='word_1_119' title='bbox 1033 1717 1037 1722; x_wconf 88' lang='lat'><em>-</em></span> 
     </span>
     <span class='ocr_line' id='line_1_20' title="bbox 111 1753 782 1830; baseline 0.002 -20"><span class='ocrx_word' id='word_1_120' title='bbox 111 1754 178 1827; x_wconf 86' lang='lat' dir='ltr'><strong>Fas,</strong></span> <span class='ocrx_word' id='word_1_121' title='bbox 193 1763 242 1810; x_wconf 89' lang='lat' dir='ltr'><strong>aut</strong></span> <span class='ocrx_word' id='word_1_122' title='bbox 254 1755 304 1810; x_wconf 88' lang='lat' dir='ltr'><strong>ille</strong></span> <span class='ocrx_word' id='word_1_123' title='bbox 318 1754 386 1811; x_wconf 93' lang='lat' dir='ltr'><strong>sinit</strong></span> <span class='ocrx_word' id='word_1_124' title='bbox 399 1753 497 1829; x_wconf 88' lang='lat' dir='ltr'><strong>superi</strong></span> <span class='ocrx_word' id='word_1_125' title='bbox 511 1763 643 1828; x_wconf 88' lang='lat' dir='ltr'><strong>regnator</strong></span> <span class='ocrx_word' id='word_1_126' title='bbox 657 1755 782 1830; x_wconf 89' lang='lat' dir='ltr'><strong>Olympi.</strong></span> 
     </span>
     <span class='ocr_line' id='line_1_21' title="bbox 111 1820 1094 1907; baseline 0.002 -19"><span class='ocrx_word' id='word_1_127' title='bbox 111 1832 212 1907; x_wconf 91' lang='lat' dir='ltr'><strong>Longa</strong></span> <span class='ocrx_word' id='word_1_128' title='bbox 225 1832 277 1893; x_wconf 87' lang='lat' dir='ltr'><strong>tibi</strong></span> <span class='ocrx_word' id='word_1_129' title='bbox 291 1831 402 1906; x_wconf 86' lang='lat' dir='ltr'><strong>exsilia,</strong></span> <span class='ocrx_word' id='word_1_130' title='bbox 417 1841 446 1889; x_wconf 88' lang='lat' dir='ltr'><strong>et</strong></span> <span class='ocrx_word' id='word_1_131' title='bbox 459 1840 572 1889; x_wconf 90' lang='lat' dir='ltr'><strong>vastum</strong></span> <span class='ocrx_word' id='word_1_132' title='bbox 587 1832 671 1890; x_wconf 84' lang='lat' dir='ltr'><strong>maris</strong></span> <span class='ocrx_word' id='word_1_133' title='bbox 686 1852 783 1907; x_wconf 85' lang='lat' dir='ltr'><strong>aequor</strong></span> <span class='ocrx_word' id='word_1_134' title='bbox 797 1820 978 1890; x_wconf 86' lang='lat' dir='ltr'><strong>arandum:</strong></span> <span class='ocrx_word' id='word_1_135' title='bbox 1035 1835 1094 1890; x_wconf 79' lang='lat'><strong>780</strong></span> 
     </span>
     <span class='ocr_line' id='line_1_22' title="bbox 111 1909 865 1986; baseline -0.001 -19"><span class='ocrx_word' id='word_1_136' title='bbox 111 1911 152 1967; x_wconf 86' lang='lat' dir='ltr'><strong>Et</strong></span> <span class='ocrx_word' id='word_1_137' title='bbox 165 1919 269 1967; x_wconf 89' lang='lat' dir='ltr'><strong>terram</strong></span> <span class='ocrx_word' id='word_1_138' title='bbox 284 1910 458 1986; x_wconf 90' lang='lat' dir='ltr'><strong>Hesperiam</strong></span> <span class='ocrx_word' id='word_1_139' title='bbox 472 1909 595 1986; x_wconf 88' lang='lat' dir='ltr'><strong>venies,</strong></span> <span class='ocrx_word' id='word_1_140' title='bbox 596 1909 657 1967; x_wconf 92' lang='lat' dir='ltr'><strong>ubi·</strong></span> <span class='ocrx_word' id='word_1_141' title='bbox 652 1911 781 1986; x_wconf 88' lang='lat' dir='ltr'><strong>·Lydius,</strong></span> <span class='ocrx_word' id='word_1_142' title='bbox 797 1929 865 1968; x_wconf 89' lang='lat' dir='ltr'><strong>arva</strong></span> 
     </span>
     <span class='ocr_line' id='line_1_23' title="bbox 111 1987 824 2066; baseline 0 -20"><span class='ocrx_word' id='word_1_143' title='bbox 111 1988 191 2047; x_wconf 90' lang='lat' dir='ltr'><strong>Inter</strong></span> <span class='ocrx_word' id='word_1_144' title='bbox 205 1990 301 2066; x_wconf 90' lang='lat' dir='ltr'><strong>opima</strong></span> <span class='ocrx_word' id='word_1_145' title='bbox 314 1987 417 2063; x_wconf 71' lang='lat' dir='ltr'><strong>virium,</strong></span> <span class='ocrx_word' id='word_1_146' title='bbox 432 1988 491 2045; x_wconf 92' lang='lat' dir='ltr'><strong>leni</strong></span> <span class='ocrx_word' id='word_1_147' title='bbox 505 1988 569 2054; x_wconf 86' lang='lat' dir='ltr'><strong>fluit</strong></span> <span class='ocrx_word' id='word_1_148' title='bbox 582 1988 696 2063; x_wconf 89' lang='lat' dir='ltr'><strong>agmine</strong></span> <span class='ocrx_word' id='word_1_149' title='bbox 710 1988 824 2063; x_wconf 88' lang='lat' dir='ltr'><strong>Tybris.</strong></span> 
     </span>
     <span class='ocr_line' id='line_1_24' title="bbox 111 2067 793 2145; baseline -0.003 -19"><span class='ocrx_word' id='word_1_150' title='bbox 111 2068 175 2126; x_wconf 93' lang='lat' dir='ltr'><strong>Illic</strong></span> <span class='ocrx_word' id='word_1_151' title='bbox 189 2086 234 2126; x_wconf 91' lang='lat' dir='ltr'><strong>res</strong></span> <span class='ocrx_word' id='word_1_152' title='bbox 248 2068 332 2141; x_wconf 80' lang='lat' dir='ltr'><strong>lata,</strong></span> <span class='ocrx_word' id='word_1_153' title='bbox 347 2086 536 2142; x_wconf 87' lang='lat' dir='ltr'><strong>regnumque,</strong></span> <span class='ocrx_word' id='word_1_154' title='bbox 551 2074 580 2124; x_wconf 90' lang='lat' dir='ltr'><strong>ct</strong></span> <span class='ocrx_word' id='word_1_155' title='bbox 594 2067 672 2142; x_wconf 90' lang='lat' dir='ltr'><strong>regia</strong></span> <span class='ocrx_word' id='word_1_156' title='bbox 686 2070 793 2145; x_wconf 84' lang='lat' dir='ltr'><strong>conjux</strong></span> 
     </span>
     <span class='ocr_line' id='line_1_25' title="bbox 110 2146 808 2222; baseline 0 -18"><span class='ocrx_word' id='word_1_157' title='bbox 110 2147 196 2205; x_wconf 90' lang='lat' dir='ltr'><strong>Parta</strong></span> <span class='ocrx_word' id='word_1_158' title='bbox 208 2147 277 2204; x_wconf 90' lang='lat' dir='ltr'><strong>tibi:</strong></span> <span class='ocrx_word' id='word_1_159' title='bbox 299 2146 438 2221; x_wconf 85' lang='lat' dir='ltr'><strong>lacrymas</strong></span> <span class='ocrx_word' id='word_1_160' title='bbox 453 2146 565 2204; x_wconf 77' lang='lat' dir='ltr'><strong>dilectae</strong></span> <span class='ocrx_word' id='word_1_161' title='bbox 579 2147 656 2222; x_wconf 90' lang='lat' dir='ltr'><strong>pelle</strong></span> <span class='ocrx_word' id='word_1_162' title='bbox 671 2147 808 2205; x_wconf 60' lang='lat' dir='ltr'><strong>Creiisaeae</strong></span> 
     </span>
     <span class='ocr_line' id='line_1_26' title="bbox 109 2223 932 2302; baseline -0.002 -17"><span class='ocrx_word' id='word_1_163' title='bbox 109 2226 141 2286; x_wconf 95' lang='lat' dir='ltr'>N</span> <span class='ocrx_word' id='word_1_164' title='bbox 142 2246 179 2283; x_wconf 93' lang='lat' dir='ltr'><strong>on</strong></span> <span class='ocrx_word' id='word_1_165' title='bbox 194 2245 248 2301; x_wconf 91' lang='lat' dir='ltr'><strong>ego</strong></span> <span class='ocrx_word' id='word_1_166' title='bbox 263 2226 480 2300; x_wconf 84' lang='lat' dir='ltr'><strong>Myrmidonum</strong></span> <span class='ocrx_word' id='word_1_167' title='bbox 494 2227 578 2283; x_wconf 88' lang='lat' dir='ltr'><strong>se&#39;des</strong></span> <span class='ocrx_word' id='word_1_168' title='bbox 592 2225 779 2301; x_wconf 85' lang='lat' dir='ltr'><strong>Dolopumve</strong></span> <span class='ocrx_word' id='word_1_169' title='bbox 793 2223 932 2302; x_wconf 82' lang='lat' dir='ltr'><strong>superbas</strong></span> 
     </span>
     <span class='ocr_line' id='line_1_27' title="bbox 109 2303 837 2383; baseline -0.001 -21"><span class='ocrx_word' id='word_1_170' title='bbox 109 2305 286 2383; x_wconf 86' lang='lat' dir='ltr'><strong>Adspiciam,</strong></span> <span class='ocrx_word' id='word_1_171' title='bbox 302 2313 350 2362; x_wconf 90' lang='lat' dir='ltr'><strong>aut</strong></span> <span class='ocrx_word' id='word_1_172' title='bbox 365 2303 459 2361; x_wconf 86' lang='lat' dir='ltr'><strong>Graiis</strong></span> <span class='ocrx_word' id='word_1_173' title='bbox 474 2305 611 2363; x_wconf 84' lang='lat' dir='ltr'><strong>servitum</strong></span> <span class='ocrx_word' id='word_1_174' title='bbox 626 2305 765 2363; x_wconf 89' lang='lat' dir='ltr'><strong>matribus</strong></span> <span class='ocrx_word' id='word_1_175' title='bbox 779 2304 837 2379; x_wconf 89' lang='lat' dir='ltr'><strong>ibo,</strong></span> 
     </span>
     <span class='ocr_line' id='line_1_28' title="bbox 110 2383 654 2458; baseline -0.004 -18"><span class='ocrx_word' id='word_1_176' title='bbox 110 2383 263 2458; x_wconf 88' lang='lat' dir='ltr'><strong>Dardanis,</strong></span> <span class='ocrx_word' id='word_1_177' title='bbox 277 2391 308 2440; x_wconf 89' lang='lat' dir='ltr'><strong>et</strong></span> <span class='ocrx_word' id='word_1_178' title='bbox 321 2383 395 2440; x_wconf 84' lang='lat' dir='ltr'><strong>divae</strong></span> <span class='ocrx_word' id='word_1_179' title='bbox 410 2383 534 2444; x_wconf 83' lang='lat' dir='ltr'><strong>Veneris</strong></span> <span class='ocrx_word' id='word_1_180' title='bbox 548 2401 654 2440; x_wconf 86' lang='lat' dir='ltr'><strong>nurus:</strong></span> 
     </span>
     <span class='ocr_line' id='line_1_29' title="bbox 112 2460 857 2535; baseline -0.001 -17"><span class='ocrx_word' id='word_1_181' title='bbox 112 2461 170 2518; x_wconf 89' lang='lat' dir='ltr'><strong>Sed</strong></span> <span class='ocrx_word' id='word_1_182' title='bbox 184 2480 231 2517; x_wconf 91' lang='lat' dir='ltr'><strong>me</strong></span> <span class='ocrx_word' id='word_1_183' title='bbox 245 2480 348 2534; x_wconf 89' lang='lat' dir='ltr'><strong>magna</strong></span> <span class='ocrx_word' id='word_1_184' title='bbox 362 2461 449 2530; x_wconf 77' lang='lat' dir='ltr'><strong>deum</strong></span> <span class='ocrx_word' id='word_1_185' title='bbox 464 2460 654 2535; x_wconf 75' lang='lat' dir='ltr'><strong>genetrixbis</strong></span> <span class='ocrx_word' id='word_1_186' title='bbox 669 2461 778 2518; x_wconf 84' lang='lat' dir='ltr'><strong>detinet</strong></span> <span class='ocrx_word' id='word_1_187' title='bbox 792 2460 857 2518; x_wconf 91' lang='lat' dir='ltr'><strong>oris.</strong></span> 
     </span>
     <span class='ocr_line' id='line_1_30' title="bbox 109 2537 856 2613; baseline -0.003 -17"><span class='ocrx_word' id='word_1_188' title='bbox 109 2539 231 2613; x_wconf 87' lang='lat' dir='ltr'><strong>Jamque</strong></span> <span class='ocrx_word' id='word_1_189' title='bbox 245 2537 319 2611; x_wconf 90' lang='lat' dir='ltr'><strong>vale,</strong></span> <span class='ocrx_word' id='word_1_190' title='bbox 334 2546 363 2595; x_wconf 91' lang='lat' dir='ltr'><strong>et</strong></span> <span class='ocrx_word' id='word_1_191' title='bbox 375 2539 436 2595; x_wconf 89' lang='lat' dir='ltr'><strong>nati</strong></span> <span class='ocrx_word' id='word_1_192' title='bbox 450 2556 533 2595; x_wconf 89' lang='lat' dir='ltr'><strong>serva</strong></span> <span class='ocrx_word' id='word_1_193' title='bbox 543 2539 703 2595; x_wconf 89' lang='lat' dir='ltr'><strong>communis</strong></span> <span class='ocrx_word' id='word_1_194' title='bbox 718 2555 856 2595; x_wconf 86' lang='lat' dir='ltr'><strong>amorem.</strong></span> 
     </span>
     <span class='ocr_line' id='line_1_31' title="bbox 111 2614 968 2688; baseline 0 -15"><span class='ocrx_word' id='word_1_195' title='bbox 111 2616 186 2674; x_wconf 83' lang='lat' dir='ltr'><strong>Haec</strong></span> <span class='ocrx_word' id='word_1_196' title='bbox 200 2615 251 2672; x_wconf 92' lang='lat' dir='ltr'><strong>ubi</strong></span> <span class='ocrx_word' id='word_1_197' title='bbox 265 2615 342 2672; x_wconf 90' lang='lat' dir='ltr'><strong>dicta</strong></span> <span class='ocrx_word' id='word_1_198' title='bbox 356 2615 444 2687; x_wconf 89' lang='lat' dir='ltr'><strong>dedit,</strong></span> <span class='ocrx_word' id='word_1_199' title='bbox 459 2614 665 2688; x_wconf 77' lang='lat' dir='ltr'><strong>lacrymantem</strong></span> <span class='ocrx_word' id='word_1_200' title='bbox 676 2623 705 2673; x_wconf 92' lang='lat' dir='ltr'><strong>et</strong></span> <span class='ocrx_word' id='word_1_201' title='bbox 718 2615 809 2672; x_wconf 91' lang='lat' dir='ltr'><strong>multa</strong></span> <span class='ocrx_word' id='word_1_202' title='bbox 821 2615 968 2688; x_wconf 83' lang='lat' dir='ltr'><strong>volentem</strong></span> 
     </span>
     <span class='ocr_line' id='line_1_32' title="bbox 111 2692 884 2767; baseline -0.001 -16"><span class='ocrx_word' id='word_1_203' title='bbox 111 2695 219 2751; x_wconf 83' lang='lat' dir='ltr'><strong>Dicere</strong></span> <span class='ocrx_word' id='word_1_204' title='bbox 234 2692 368 2766; x_wconf 88' lang='lat' dir='ltr'><strong>deseruit,</strong></span> <span class='ocrx_word' id='word_1_205' title='bbox 383 2699 544 2767; x_wconf 92' lang='lat' dir='ltr'><strong>tenuesque</strong></span> <span class='ocrx_word' id='word_1_206' title='bbox 558 2694 676 2750; x_wconf 78' lang='lat' dir='ltr'><strong>recessit</strong></span> <span class='ocrx_word' id='word_1_207' title='bbox 689 2693 718 2748; x_wconf 90' lang='lat' dir='ltr'><strong>iu</strong></span> <span class='ocrx_word' id='word_1_208' title='bbox 733 2711 825 2750; x_wconf 91' lang='lat' dir='ltr'><strong>auras.</strong></span> <span class='ocrx_word' id='word_1_209' title='bbox 858 2715 861 2719; x_wconf 86' lang='lat'><strong>·</strong></span> <span class='ocrx_word' id='word_1_210' title='bbox 881 2731 884 2738; x_wconf 81' lang='lat'><strong>·</strong></span> 
     </span>
     <span class='ocr_line' id='line_1_33' title="bbox 111 2769 799 2842; baseline -0.007 -12"><span class='ocrx_word' id='word_1_211' title='bbox 111 2773 171 2831; x_wconf 89' lang='lat' dir='ltr'><strong>Ter</strong></span> <span class='ocrx_word' id='word_1_212' title='bbox 184 2779 302 2829; x_wconf 87' lang='lat' dir='ltr'><strong>conatus</strong></span> <span class='ocrx_word' id='word_1_213' title='bbox 317 2771 357 2828; x_wconf 92' lang='lat' dir='ltr'><strong>ibi</strong></span> <span class='ocrx_word' id='word_1_214' title='bbox 372 2769 448 2827; x_wconf 88' lang='lat' dir='ltr'><strong>collo·</strong></span> <span class='ocrx_word' id='word_1_215' title='bbox 461 2770 529 2827; x_wconf 90' lang='lat' dir='ltr'><strong>dare</strong></span> <span class='ocrx_word' id='word_1_216' title='bbox 543 2769 659 2827; x_wconf 87' lang='lat' dir='ltr'><strong>brachia</strong></span> <span class='ocrx_word' id='word_1_217' title='bbox 672 2771 799 2842; x_wconf 89' lang='lat' dir='ltr'><strong>circum;</strong></span> 
     </span>
     <span class='ocr_line' id='line_1_34' title="bbox 111 2848 818 2926; baseline -0.006 -16"><span class='ocrx_word' id='word_1_218' title='bbox 111 2852 170 2910; x_wconf 88' lang='lat' dir='ltr'><strong>Ter</strong></span> <span class='ocrx_word' id='word_1_219' title='bbox 183 2851 286 2908; x_wconf 84' lang='lat' dir='ltr'><strong>frustra</strong></span> <span class='ocrx_word' id='word_1_220' title='bbox 299 2866 470 2926; x_wconf 88' lang='lat' dir='ltr'><strong>comprensa</strong></span> <span class='ocrx_word' id='word_1_221' title='bbox 482 2867 584 2905; x_wconf 90' lang='lat' dir='ltr'><strong>manus</strong></span> <span class='ocrx_word' id='word_1_222' title='bbox 599 2848 700 2924; x_wconf 87' lang='lat' dir='ltr'><strong>effugit</strong></span> <span class='ocrx_word' id='word_1_223' title='bbox 712 2848 818 2924; x_wconf 85' lang='lat' dir='ltr'><strong>imago,</strong></span> 
     </span>
     <span class='ocr_line' id='line_1_35' title="bbox 110 2927 880 3004; baseline -0.004 -17"><span class='ocrx_word' id='word_1_224' title='bbox 110 2930 167 2988; x_wconf 92' lang='lat' dir='ltr'><strong>Par</strong></span> <span class='ocrx_word' id='word_1_225' title='bbox 180 2930 291 2987; x_wconf 85' lang='lat' dir='ltr'><strong>levibus</strong></span> <span class='ocrx_word' id='word_1_226' title='bbox 305 2928 409 3003; x_wconf 87' lang='lat' dir='ltr'><strong>ventis,</strong></span> <span class='ocrx_word' id='word_1_227' title='bbox 421 2927 593 3004; x_wconf 83' lang='lat' dir='ltr'><strong>volucrique</strong></span> <span class='ocrx_word' id='word_1_228' title='bbox 607 2928 755 2985; x_wconf 88' lang='lat' dir='ltr'><strong>simillima</strong></span> <span class='ocrx_word' id='word_1_229' title='bbox 769 2946 880 2985; x_wconf 89' lang='lat' dir='ltr'><strong>somno.</strong></span> 
     </span>
     <span class='ocr_line' id='line_1_36' title="bbox 112 3007 823 3083; baseline -0.006 -16"><span class='ocrx_word' id='word_1_230' title='bbox 112 3008 159 3068; x_wconf 89' lang='lat' dir='ltr'><strong>Sic</strong></span> <span class='ocrx_word' id='word_1_231' title='bbox 174 3009 292 3066; x_wconf 90' lang='lat' dir='ltr'><strong>demum</strong></span> <span class='ocrx_word' id='word_1_232' title='bbox 308 3008 410 3082; x_wconf 89' lang='lat' dir='ltr'><strong>socios,</strong></span> <span class='ocrx_word' id='word_1_233' title='bbox 425 3007 597 3083; x_wconf 67' lang='lat' dir='ltr'><strong>cousumpta</strong></span> <span class='ocrx_word' id='word_1_234' title='bbox 611 3015 705 3081; x_wconf 90' lang='lat' dir='ltr'><strong>nocte,</strong></span> <span class='ocrx_word' id='word_1_235' title='bbox 721 3007 823 3064; x_wconf 87' lang='lat' dir='ltr'><strong>reviso.</strong></span> 
     </span>
    </p>

    <p class='ocr_par' dir='ltr' id='par_1_4' title="bbox 110 3085 940 3400">
     <span class='ocr_line' id='line_1_37' title="bbox 149 3085 940 3164; baseline -0.005 -18"><span class='ocrx_word' id='word_1_236' title='bbox 149 3090 245 3164; x_wconf 88' lang='lat' dir='ltr'><strong>Atque</strong></span> <span class='ocrx_word' id='word_1_237' title='bbox 260 3087 307 3144; x_wconf 89' lang='lat' dir='ltr'><strong>bic</strong></span> <span class='ocrx_word' id='word_1_238' title='bbox 323 3088 470 3163; x_wconf 88' lang='lat' dir='ltr'><strong>ingentem</strong></span> <span class='ocrx_word' id='word_1_239' title='bbox 485 3086 623 3143; x_wconf 86' lang='lat' dir='ltr'><strong>comitum</strong></span> <span class='ocrx_word' id='word_1_240' title='bbox 639 3085 785 3143; x_wconf 85' lang='lat' dir='ltr'><strong>affluxisse</strong></span> <span class='ocrx_word' id='word_1_241' title='bbox 799 3104 940 3143; x_wconf 90' lang='lat' dir='ltr'><strong>novorum</strong></span> 
     </span>
     <span class='ocr_line' id='line_1_38' title="bbox 111 3164 936 3241; baseline -0.004 -16"><span class='ocrx_word' id='word_1_242' title='bbox 111 3167 232 3225; x_wconf 87' lang='lat' dir='ltr'><strong>Invenio</strong></span> <span class='ocrx_word' id='word_1_243' title='bbox 247 3166 390 3224; x_wconf 89' lang='lat' dir='ltr'><strong>admirans</strong></span> <span class='ocrx_word' id='word_1_244' title='bbox 404 3184 579 3236; x_wconf 79' lang='lat' dir='ltr'><strong>numerum3</strong></span> <span class='ocrx_word' id='word_1_245' title='bbox 605 3173 777 3241; x_wconf 88' lang='lat' dir='ltr'><strong>matresque,</strong></span> <span class='ocrx_word' id='word_1_246' title='bbox 791 3164 936 3241; x_wconf 89' lang='lat' dir='ltr'><strong>virosque,</strong></span> 
     </span>
     <span class='ocr_line' id='line_1_39' title="bbox 111 3243 824 3339; baseline -0.001 -36"><span class='ocrx_word' id='word_1_247' title='bbox 111 3246 224 3304; x_wconf 87' lang='lat' dir='ltr'><strong>Collect</strong></span> <span class='ocrx_word' id='word_1_248' title='bbox 212 3253 271 3302; x_wconf 87' lang='lat' dir='ltr'><strong>tam</strong></span> <span class='ocrx_word' id='word_1_249' title='bbox 284 3245 386 3302; x_wconf 81' lang='lat' dir='ltr'><strong>exsilio</strong></span> <span class='ocrx_word' id='word_1_250' title='bbox 382 3244 538 3339; x_wconf 83' lang='lat' dir='ltr'><strong>pubem,</strong></span> <span class='ocrx_word' id='word_1_251' title='bbox 534 3243 697 3301; x_wconf 89' lang='lat' dir='ltr'><strong>miserabile</strong></span> <span class='ocrx_word' id='word_1_252' title='bbox 711 3243 824 3319; x_wconf 76' lang='lat' dir='ltr'><strong>vulgus.</strong></span> 
     </span>
     <span class='ocr_line' id='line_1_40' title="bbox 110 3319 845 3400; baseline -0.004 -18"><span class='ocrx_word' id='word_1_253' title='bbox 110 3324 249 3400; x_wconf 90' lang='lat' dir='ltr'><strong>Undique</strong></span> <span class='ocrx_word' id='word_1_254' title='bbox 264 3341 436 3396; x_wconf 88' lang='lat' dir='ltr'><strong>convenere,</strong></span> <span class='ocrx_word' id='word_1_255' title='bbox 452 3322 554 3380; x_wconf 90' lang='lat' dir='ltr'><strong>animis</strong></span> <span class='ocrx_word' id='word_1_256' title='bbox 569 3319 730 3398; x_wconf 87' lang='lat' dir='ltr'><strong>opibusque</strong></span> <span class='ocrx_word' id='word_1_257' title='bbox 744 3323 845 3399; x_wconf 89' lang='lat' dir='ltr'><strong>parati,</strong></span> 
     </span>
    </p>

    <p class='ocr_par' dir='ltr' id='par_1_5' title="bbox 109 3401 867 3793">
     <span class='ocr_line' id='line_1_41' title="bbox 112 3401 846 3494; baseline -0.003 -34"><span class='ocrx_word' id='word_1_258' title='bbox 112 3402 147 3460; x_wconf 92' lang='lat' dir='ltr'><strong>In</strong></span> <span class='ocrx_word' id='word_1_259' title='bbox 161 3421 357 3494; x_wconf 87' lang='lat' dir='ltr'><strong>quascumque</strong></span> <span class='ocrx_word' id='word_1_260' title='bbox 372 3401 459 3459; x_wconf 89' lang='lat' dir='ltr'><strong>velim</strong></span> <span class='ocrx_word' id='word_1_261' title='bbox 473 3401 575 3477; x_wconf 81' lang='lat' dir='ltr'><strong>pelago</strong></span> <span class='ocrx_word' id='word_1_262' title='bbox 590 3401 735 3458; x_wconf 87' lang='lat' dir='ltr'><strong>deducere</strong></span> <span class='ocrx_word' id='word_1_263' title='bbox 749 3410 846 3458; x_wconf 88' lang='lat' dir='ltr'><strong>terras.</strong></span> 
     </span>
     <span class='ocr_line' id='line_1_42' title="bbox 109 3478 818 3558; baseline -0.006 -19"><span class='ocrx_word' id='word_1_264' title='bbox 109 3482 254 3557; x_wconf 87' lang='lat' dir='ltr'><strong>Jamque&#39;</strong></span> <span class='ocrx_word' id='word_1_265' title='bbox 242 3481 321 3558; x_wconf 83' lang='lat' dir='ltr'><strong>yugis</strong></span> <span class='ocrx_word' id='word_1_266' title='bbox 335 3499 456 3538; x_wconf 88' lang='lat' dir='ltr'><strong>summae</strong></span> <span class='ocrx_word' id='word_1_267' title='bbox 470 3480 604 3555; x_wconf 85' lang='lat' dir='ltr'><strong>surgebat</strong></span> <span class='ocrx_word' id='word_1_268' title='bbox 617 3479 734 3537; x_wconf 80' lang='lat' dir='ltr'><strong>Lucifer</strong></span> <span class='ocrx_word' id='word_1_269' title='bbox 747 3478 818 3554; x_wconf 84' lang='lat' dir='ltr'><strong>Idae,</strong></span> 
     </span>
     <span class='ocr_line' id='line_1_43' title="bbox 110 3557 867 3635; baseline -0.001 -18"><span class='ocrx_word' id='word_1_270' title='bbox 110 3559 245 3618; x_wconf 89' lang='lat' dir='ltr'><strong>Ducebat</strong></span> <span class='ocrx_word' id='word_1_271' title='bbox 234 3567 301 3635; x_wconf 92' lang='lat' dir='ltr'><strong>qtue</strong></span> <span class='ocrx_word' id='word_1_272' title='bbox 316 3559 411 3630; x_wconf 90' lang='lat' dir='ltr'><strong>diem;</strong></span> <span class='ocrx_word' id='word_1_273' title='bbox 433 3559 585 3635; x_wconf 91' lang='lat' dir='ltr'><strong>Danaique</strong></span> <span class='ocrx_word' id='word_1_274' title='bbox 599 3558 717 3615; x_wconf 88' lang='lat' dir='ltr'><strong>obsessa</strong></span> <span class='ocrx_word' id='word_1_275' title='bbox 730 3557 867 3616; x_wconf 88' lang='lat' dir='ltr'><strong>tenebant</strong></span> 
     </span>
     <span class='ocr_line' id='line_1_44' title="bbox 103 3627 851 3730; baseline -0.004 -32.971"><span class='ocrx_word' id='word_1_276' title='bbox 103 3627 227 3698; x_wconf 91' lang='lat' dir='ltr'><strong>Limina</strong></span> <span class='ocrx_word' id='word_1_277' title='bbox 239 3645 403 3715; x_wconf 89' lang='lat' dir='ltr'><strong>portarum;</strong></span> <span class='ocrx_word' id='word_1_278' title='bbox 424 3654 479 3693; x_wconf 89' lang='lat' dir='ltr'><strong>nec</strong></span> <span class='ocrx_word' id='word_1_279' title='bbox 493 3656 560 3714; x_wconf 88' lang='lat' dir='ltr'><strong>spes</strong></span> <span class='ocrx_word' id='word_1_280' title='bbox 574 3637 636 3730; x_wconf 89' lang='lat' dir='ltr'><strong>opis</strong></span> <span class='ocrx_word' id='word_1_281' title='bbox 650 3636 709 3693; x_wconf 93' lang='lat' dir='ltr'><strong>ulla</strong></span> <span class='ocrx_word' id='word_1_282' title='bbox 722 3634 851 3694; x_wconf 90' lang='lat' dir='ltr'><strong>dabatur.</strong></span> 
     </span>
     <span class='ocr_line' id='line_1_45' title="bbox 111 3712 772 3793; baseline -0.009 -16"><span class='ocrx_word' id='word_1_283' title='bbox 111 3716 205 3793; x_wconf 85' lang='lat' dir='ltr'><strong>Cessi,</strong></span> <span class='ocrx_word' id='word_1_284' title='bbox 220 3725 250 3775; x_wconf 94' lang='lat' dir='ltr'><strong>et</strong></span> <span class='ocrx_word' id='word_1_285' title='bbox 262 3715 374 3775; x_wconf 87' lang='lat' dir='ltr'><strong>sublato</strong></span> <span class='ocrx_word' id='word_1_286' title='bbox 389 3723 517 3774; x_wconf 89' lang='lat' dir='ltr'><strong>montem</strong></span> <span class='ocrx_word' id='word_1_287' title='bbox 531 3717 659 3792; x_wconf 86' lang='lat' dir='ltr'><strong>genitore</strong></span> <span class='ocrx_word' id='word_1_288' title='bbox 672 3712 772 3792; x_wconf 84' lang='lat' dir='ltr'><strong>petivi</strong></span> 
     </span>
    </p>
   </div>
   <div class='ocr_carea' id='block_1_3' title="bbox 0 0 1207 4178">
    <p class='ocr_par' dir='ltr' id='par_1_6' title="bbox 0 0 1207 4178">
     <span class='ocr_line' id='line_1_46' title="bbox 0 0 1207 4178; baseline 0 0"><span class='ocrx_word' id='word_1_289' title='bbox 0 0 1207 4178; x_wconf 95' lang='lat' dir='ltr'><strong> </strong></span> 
     </span>
    </p>
   </div>
  </div>
 </body>
</html>
