2400 4178
498 150 613 239 arnna
628 180 692 237 vn.
759 248 764 258 ,
1033 182 1104 258 ποι
1169 164 1175 173 ’

104 332 232 391 Paeoniis
246 339 412 390 revocatum
426 330 524 388 herbis
537 336 566 387 et
580 349 675 388 amore
688 328 802 388 Dianae.

106 411 183 468 Tum
196 418 277 487 pater
290 411 481 486 omnipotens,
497 408 624 484 aliquem
637 408 801 483 indignatus
816 404 851 467 ab
865 406 974 468 umbris
1028 412 1089 467 tro

56 556 58 561 1
106 490 261 547 Mortalem
275 489 392 546 inferuis
407 489 443 546 sd
453 487 564 546 lumina
578 506 693 563 surgere
707 488 785 564 vitae,

108 568 122 625 l
143 586 174 625 se
188 576 360 645 repertorem
374 566 525 626 medicinae
539 565 605 625 talis
618 575 648 626 et
661 565 728 624 artis

135 646 242 704 ulmine
257 645 464 721 Phoebigenam
480 645 593 722 Stygios
607 645 727 704 detrusit
740 644 777 703 sd
790 645 890 703 undas.

108 725 148 782 At
161 724 261 783 Trivia
275 724 465 860 Hippolptum
479 725 596 782 secretis
611 723 686 781 alme
699 723 830 782 recondit
988 717 995 727 ’

110 802 243 877 Sedibus,
258 811 288 861 et
299 823 388 895 nymp
410 822 435 860 ae
450 801 565 877 Egeriae
581 802 751 879 nemorique
764 801 891 878 relegat,

109 880 193 938 Solus
207 881 257 939 ubi
271 882 301 939 in
315 880 396 940 silvis
410 880 490 938 Italis
504 880 638 954 ignobilis
653 899 748 937 rerum

57 969 59 973 '
88 1024 94 1033 ,
109 959 259 1035 Exigeret,
273 977 416 1036 versoque
429 957 481 1015 ubi
494 956 611 1015 nomine
625 957 745 1015 Virbius
760 964 844 1015 esset

109 1037 197 1096 Unde
211 1039 298 1096 etiam
311 1037 420 1115 templo
434 1035 542 1093 Trivioe
555 1035 685 1111 lucisque
699 1035 815 1092 sacratis

109 1116 290 1192 Cornipedes
304 1124 437 1173 arcentur
451 1114 526 1191 equi,
541 1111 620 1190 qudd
633 1114 727 1172 littore
741 1131 858 1171 currum
1026 1181 1030 1188 Ι

110 1194 151 1251 Et
160 1196 301 1271 juvenem
316 1192 450 1261 monstris
463 1193 559 1269 pavidi
574 1190 704 1252 effuddre
716 1191 842 1249 marinis.
934 1258 936 1263 ¹

111 1273 203 1330 Filius
219 1273 351 1329 ardentes
364 1270 442 1329 haud
456 1267 551 1328 seciirs
565 1279 681 1346 aeqnore
694 1270 789 1347 campi

111 1351 277 1408 Exercebat
291 1369 389 1426 equos,
405 1368 548 1425 curruque
563 1349 592 1406 in
606 1348 683 1406 bella
696 1348 804 1409 ruebat

151 1431 217 1507 lpse
231 1431 305 1488 inter
318 1430 424 1507 primos
437 1428 583 1506 praestanti
597 1447 715 1504 corpore
729 1427 844 1488 Turnus

110 1509 250 1584 Vertitur,
266 1529 348 1566 erma
357 1516 469 1582 teneus,
484 1515 513 1565 et
526 1515 585 1566 toto
599 1504 807 1583 verticesupri
822 1511 873 1564 est.

111 1588 169 1646 Cui
183 1588 288 1664 triplici
303 1588 405 1645 crinita
414 1587 486 1664 jubri
500 1587 582 1662 galea
596 1586 652 1644 alta
666 1584 842 1644 Chimaeram

113 1667 250 1741 Sustinet,
266 1667 395 1723 AEtnaeos
409 1663 553 1723 efflantem
569 1665 700 1722 saucibus
713 1665 815 1740 ignes:

112 1746 186 1818 Tam
202 1742 291 1820 magis
306 1745 356 1801 illa
369 1744 494 1804 fremens
508 1750 537 1801 et
550 1743 678 1805 tristibus
692 1742 782 1801 effera
793 1740 927 1816 flammis,

93 1850 95 1854 v
113 1821 210 1894 Qudm
225 1820 315 1898 magis
330 1820 424 1880 effusb
435 1821 608 1879 crudescunt
622 1820 761 1896 sanguine
774 1839 888 1897 pugnae.

111 1905 151 1959 At
165 1903 259 1959 levem
276 1901 411 1978 clypeum
425 1899 544 1958 sublatis
559 1899 692 1957 cornibus
707 1899 740 1956 lo

111 1984 190 2039 Auro
204 1980 369 2056 insignibat,
380 1981 442 2057 jam
456 1979 524 2036 setis
539 1978 640 2052 obsita,
651 1977 788 2056 jambos,

111 2062 322 2136 Argumentum
335 2059 447 2134 ingens,
462 2065 491 2116 et
504 2067 600 2116 custos
613 2057 731 2133 virginis
744 2059 850 2132 Argus,

112 2141 278 2215 Caelatrique
293 2157 408 2196 amnem
421 2137 545 2195 lundens
559 2145 641 2216 pater
654 2137 780 2196 Inachus
793 2135 875 2194 urnA.

113 2219 276 2295 Insequitur
289 2218 404 2276 nimbus
417 2217 558 2294 peditum,
573 2217 761 2294 clypeataque
775 2216 843 2275 totis

112 2299 236 2371 Agmina
245 2298 402 2354 densentur
415 2297 532 2372 campis,
547 2296 711 2372 Argivaque
725 2294 827 2373 pubes,
897 2364 899 2369 Ι

112 2377 314 2450 Auruncosque
329 2393 441 2448 manus,
456 2374 568 2448 Rutuli,
579 2383 750 2449 veteresque
766 2372 875 2449 Sicani,
895 2420 900 2430 .

113 2453 154 2508 Et
170 2454 301 2508 Sacranae
316 2453 403 2524 acies,
418 2459 448 2509 et
460 2453 530 2527 picti
543 2458 625 2507 scuta
638 2451 756 2523 Labici;

115 2530 173 2599 Qui
190 2529 288 2602 saltus,
303 2528 453 2602 Tiberine,
468 2537 542 2601 tuos,
558 2547 729 2604 sacrumque
742 2526 865 2585 Numici

115 2608 209 2664 Littus
223 2615 311 2680 arant,
325 2603 510 2679 Rutulosque
523 2613 661 2661 exercent
672 2623 789 2661 vomere
804 2603 904 2677 colles,

115 2686 316 2760 Circaeumque
326 2685 448 2761 jugum3
471 2681 553 2756 queis
566 2681 678 2756 Jupiter
691 2681 828 2738 Anxurus
842 2680 917 2737 arvis

114 2764 264 2837 Praesidet,
279 2769 308 2820 et
320 2759 405 2820 viridi
419 2759 548 2834 gaudeus
562 2759 687 2816 Feronia
700 2758 786 2831 luco;

116 2844 183 2914 Qui
199 2843 307 2899 Saturae
317 2843 397 2919 jacet
411 2845 470 2895 atra
482 2837 574 2917 palus,
589 2836 757 2912 gelidusque
770 2854 822 2914 per
835 2835 907 2893 imas

116 2921 228 2994 Quaerit
240 2921 294 2978 iter
307 2919 397 2976 valles
410 2925 495 2992 atque
509 2916 539 2974 in
557 2934 635 2973 mare
649 2915 781 2990 conditur
794 2913 896 2973 Ufens.
964 2944 969 2954 ·

35 3032 41 3043 ·
154 3001 217 3059 Hos
232 3018 317 3076 super
331 2997 448 3055 advenit
461 2996 568 3054 Volsci
583 2995 619 3053 de
634 3002 720 3071 gente
734 2993 867 3069 Camilla,

115 3080 228 3154 Agmen
244 3096 331 3152 agens
346 3076 487 3152 equitum,
503 3083 533 3133 et
545 3074 679 3132 florentes
694 3093 750 3131 sere
764 3080 902 3150 catervas,

115 3156 271 3214 Bellatrix:
293 3175 351 3213 non
364 3154 414 3212 illa
428 3153 491 3211 colo
505 3152 662 3212 calathisve
675 3152 817 3210 Minervae

116 3235 282 3292 Foemiueas
296 3241 410 3291 assueta
423 3251 542 3307 manus3
564 3231 616 3289 sed
629 3230 730 3307 proelia
743 3231 824 3306 virgo

117 3313 199 3369 Dura
211 3313 280 3388 pati,
294 3329 436 3387 cursuque
449 3312 558 3387 pedum
571 3318 743 3387 praevertere
755 3316 867 3368 ventos.

118 3389 173 3462 Illa
184 3389 232 3447 vel
245 3388 360 3446 intactae
375 3389 480 3462 segetis
493 3408 546 3466 per
559 3407 670 3446 summa
682 3387 793 3445 volaret

118 3467 264 3541 Gramina,
279 3485 334 3524 nec
347 3473 459 3523 teneras
473 3486 560 3524 cursu
573 3466 695 3524 laesisset
709 3466 824 3523 aristas:

117 3544 175 3603 Vel
191 3563 267 3602 mare
281 3563 333 3620 per
346 3543 484 3618 medium,
497 3544 586 3603 fluctu
601 3563 739 3621 suspensa
752 3541 884 3616 tumenti,

117 3624 220 3682 Ferret
233 3623 295 3696 iter,
311 3622 421 3679 celeres
435 3640 489 3679 nec
503 3623 626 3698 tingeret
639 3640 753 3698 aequore
767 3620 887 3696 plantas.

118 3701 203 3761 Illam
218 3700 310 3759 omnis
323 3700 407 3760 tectis
421 3699 552 3776 agrisque
567 3701 659 3760 effusa
667 3703 810 3780 juventus
