2400 4178
495 209 609 265 LIBER
626 208 690 263 vn.

104 357 244 434 Rimanti,
258 359 347 417 telum
360 359 402 417 ira
414 359 490 417 facit
530 359 625 417 Vocat
638 358 752 434 agmina
765 355 921 433 Tyrrhena,
984 384 986 390 s

107 437 305 510 Quadrifidam
319 457 455 514 quercum
469 438 569 497 cuncis
582 446 614 496 ut
626 434 698 495 forte
713 436 821 495 coactis

108 516 271 592 Scindcbat,
285 517 366 594 rapti
379 513 631 594 spirans-immund¹
642 516 742 574 securi.
840 562 842 565 .
903 514 906 517 ’

105 599 145 655 At
158 614 235 664 saeva
248 614 265 653 e
278 595 403 672 speculis
416 605 531 673 tempus
546 595 600 653 dea
612 601 697 654 nacta
709 592 834 654 nocendi

106 675 204 733 Ardua
216 682 291 733 tecta
303 675 376 752 petit
389 675 501 751 stabuli,
515 682 545 732 et
557 675 593 732 de
607 674 732 732 culmine
746 691 862 731 summo
908 691 910 698 ·
925 744 929 751 ⁸

106 753 251 812 Pastorale
265 754 341 812 canit
355 753 477 829 signum,
493 772 638 828 cornuque
652 772 770 811 recurvo

107 831 407 892 Tartaream'intendit
419 851 540 905 vocem,
562 833 619 908 quai
631 839 767 909 protenus
781 848 866 887 omne

107 911 288 969 Contremuit
300 931 412 987 nemus,
427 914 458 969 et'
470 911 549 968 silva
564 908 713 967 intonuere
726 908 884 986 profundae.

55 1021 61 1031 ·
105 989 206 1048 Audiit
220 998 248 1047 et
262 990 368 1048 Triviae
382 987 467 1065 longe
481 988 579 1061 lae'us3
602 988 691 1045 audiit
704 987 798 1044 amnis

108 1069 238 1125 Sulfured
252 1069 282 1127 N
284 1088 314 1125 ar
327 1068 407 1125 albus
421 1067 505 1143 aqud,
519 1066 668 1142 fontesque
682 1065 782 1123 Velini
791 1085 803 1139 3-

107 1148 147 1204 Et
160 1146 278 1222 trepidae
292 1154 396 1204 matres
409 1144 537 1223 pressere
552 1146 587 1202 ad
600 1153 716 1223 pectora
730 1152 821 1202 natos.

107 1226 184 1282 Tum
198 1222 266 1283 verd
282 1225 318 1282 ad
330 1243 432 1282 vocem
446 1224 563 1298 celeres,
578 1225 634 1300 qud
647 1223 772 1281 buccina
785 1223 899 1298 signum

107 1305 178 1361 Dira
192 1303 279 1377 dedit,
294 1303 379 1379 raptis
393 1311 564 1361 concurrunt
576 1304 703 1378 undique
716 1301 781 1359 telis

108 1382 243 1441 indomiti
258 1382 408 1458 agricola,
429 1400 483 1440 nec
497 1401 554 1439 uon
569 1391 598 1440 et
611 1383 699 1439 Troi'a
711 1380 804 1458 pubes

107 1462 231 1520 Ascanio
247 1461 386 1518 auxilium
400 1462 499 1519 castris
514 1460 634 1519 effundit
648 1460 760 1536 apertis.

109 1539 250 1598 Direxere
265 1541 340 1598 acies
353 1555 366 1596 ε·
382 1560 440 1598 nou
450 1542 512 1619 jam
527 1540 681 1598 certamine
696 1539 809 1615 agresti,

109 1619 259 1696 Stipitibus
274 1619 351 1676 duris
366 1620 466 1695 agitur,
481 1619 634 1677 sudibusve
647 1618 776 1696 praeustis
788 1637 799 1691 3,

110 1700 167 1755 S'ed
181 1698 253 1754 lerro
268 1698 386 1776 ancipiti
399 1699 566 1772 decernunt,
581 1706 696 1772 atraque
710 1693 767 1754 late
861 1725 862 1728 ¹

109 1777 257 1834 Horrescit
270 1777 373 1835 strictis
387 1795 469 1851 seges
483 1775 609 1850 ensibus,
625 1793 737 1852 aeraque
751 1774 862 1850 fulgent
911 1831 913 1836 ,

112 1855 177 1912 Sole
188 1855 329 1929 lacessita,
344 1862 373 1911 ct
386 1855 481 1912 lucem
495 1853 548 1921 sub
562 1849 661 1910 nubila
669 1856 798 1931 jactant:
947 1855 951 1864 '

109 1935 228 1992 Fluctus
242 1934 282 1991 uti
296 1935 388 2009 primo
402 1933 490 2010 coepit
503 1943 591 2009 quum
606 1931 750 1989 albescere
762 1932 860 2006 vento,

92 2061 94 2067 .
110 2013 250 2071 Paulatim
266 2031 329 2070 sese
343 2012 417 2071 tollit
429 2031 517 2085 mare,
532 2019 561 2068 et
574 2007 658 2068 altius
671 2010 763 2069 undas

110 2092 212 2169 Erigit,
227 2093 293 2149 inde
308 2092 366 2149 imo
379 2091 524 2166 consurgit
538 2091 573 2147 ad
587 2090 692 2150 aethera
705 2089 812 2163 fundo,

110 2171 169 2229 Hic
179 2172 296 2250 juvenis
309 2172 429 2248 primam
443 2179 508 2229 ante
523 2170 624 2244 aciem,
640 2168 775 2227 stridente
789 2167 899 2243 sagittis,

109 2252 250 2309 Natorum
265 2244 388 2326 Tyrrhel
400 2251 491 2307 iuerat
504 2250 552 2325 qui
566 2249 717 2322 maximus,
732 2247 819 2305 Almo

112 2330 269 2386 Sternitur:
291 2329 375 2386 haesit
389 2330 466 2386 enim
481 2329 536 2386 sub
550 2335 662 2404 gutture
676 2327 790 2402 vulnus,
807 2334 836 2384 et
848 2325 913 2383 udm

110 2409 200 2464 Vocis
214 2409 267 2464 iter
280 2415 455 2483 tenuemque
469 2406 586 2464 inclusit
599 2407 737 2480 sanguine
750 2406 847 2462 vitam.

112 2487 240 2561 Corpora
252 2485 343 2541 multa
355 2485 447 2542 virrim
461 2482 555 2555 circd3
578 2485 727 2559 seniorque
735 2484 884 2561 Galaesus,
956 2503 962 2510 ·

111 2566 189 2621 Dum
204 2564 268 2639 paci
281 2563 408 2619 medium
422 2581 453 2620 se
467 2562 558 2636 offert,
569 2562 744 2637 justissimus
757 2580 836 2619 unus

112 2643 172 2714 Qui
185 2641 245 2715 fuit,
261 2640 452 2715 Ausoniisque
466 2639 535 2695 ¹olim
548 2639 704 2710 ditissimus
718 2640 811 2696 arvis:

112 2723 249 2798 Quinque
264 2738 364 2796 greges
377 2719 419 2775 illi
432 2717 589 2792 balantirm,
604 2718 691 2793 quina
703 2717 836 2775 redibant

112 2805 259 2874 Armenta,
274 2807 303 2857 et
315 2807 418 2857 terram
432 2805 547 2855 centum
561 2796 690 2855 vertebat
703 2797 808 2854 aratris.
928 2833 930 2836 -

150 2885 245 2957 Atque
259 2896 358 2955 caper
371 2895 487 2954 campos
501 2894 584 2951 aequo
598 2876 667 2933 dum
681 2876 776 2933 Marte
791 2880 936 2951 geruntur,
1026 2877 1087 2932 540
1118 2889 1129 2916 t

112 2959 250 3019 Promissi
263 2958 318 3014 dea
330 2956 406 3014 facta
419 2963 531 3032 potens,
546 2954 597 3012 ubi
611 2954 750 3031 sanguine
762 2953 870 3012 bellum

113 3040 230 3113 lmbuit,
245 3044 275 3094 et
286 3036 386 3114 primae
401 3035 544 3092 commisit
557 3033 657 3092 funera
669 3052 783 3111 pugnae,

112 3118 227 3175 Deserit
238 3116 421 3193 Hesperiam,
436 3123 474 3189 et,
489 3113 554 3172 coeli
568 3125 707 3191 conversa
718 3133 770 3190 per
783 3131 874 3189 auras,

107 3197 256 3263 ‚Junonem
269 3195 371 3252 victrix
385 3193 486 3252 affatur
498 3206 570 3252 voce
584 3192 725 3269 superbi:
791 3200 793 3203 '

114 3275 161 3332 En
175 3273 300 3350 perfecta
312 3272 364 3330 tibi
376 3271 453 3330 bello
467 3272 610 3330 discordia
622 3272 710 3331 tristi:

114 3353 214 3410 Dicin
229 3351 381 3408 amicitiam
395 3355 507 3427 coeant,
521 3358 551 3409 et
563 3351 672 3409 foedera
681 3353 822 3428 jungant3

116 3429 358 3504 Quandoquidem
371 3430 499 3487 Ausonio
513 3430 635 3507 respersi
644 3426 794 3503 ‘sanguine'
801 3426 938 3484 Teucros.

115 3511 182 3567 Hoc
197 3507 283 3566 etiam
296 3504 342 3564 his
356 3506 469 3582 addam,
483 3516 533 3565 tua
545 3509 570 3566 si
583 3508 656 3565 mihi
670 3514 746 3565 certa
759 3505 910 3578 voluntas3

115 3587 267 3648 Finitimas
281 3586 311 3642 in
324 3584 401 3642 bella
413 3584 501 3642 feram
515 3585 675 3644 rumoribus
688 3584 782 3658 urbes,

116 3666 339 3739 Accendamque
352 3663 463 3721 animos
476 3664 569 3722 insani
581 3665 684 3723 Martis
698 3680 803 3737 amore,

117 3745 253 3824 Undique
267 3752 300 3803 ut
313 3742 419 3802 auxilio
431 3742 565 3816 venia'nt3
586 3760 715 3822 spargam
729 3759 806 3801 anna
818 3758 871 3821 per
883 3757 976 3818 agros
