<?xml version="1.0" encoding="UTF-8"?>
<!DOCTYPE html PUBLIC "-//W3C//DTD XHTML 1.0 Transitional//EN"
    "http://www.w3.org/TR/xhtml1/DTD/xhtml1-transitional.dtd">
<html xmlns="http://www.w3.org/1999/xhtml" xml:lang="en" lang="en">
 <head>
  <title>
</title>
<meta http-equiv="Content-Type" content="text/html;charset=utf-8" />
  <meta name='ocr-system' content='tesseract 3.04.00' />
  <meta name='ocr-capabilities' content='ocr_page ocr_carea ocr_par ocr_line ocrx_word'/>
</head>
<body>
  <div class='ocr_page' id='page_1' title='image "./bucolicageorgic02virggoog/bucolicageorgic02virggoog_0138.png"; bbox 0 0 2400 4178; ppageno 0'>
   <div class='ocr_carea' id='block_1_1' title="bbox 546 200 730 256">
    <p class='ocr_par' dir='ltr' id='par_1_1' title="bbox 546 200 730 256">
     <span class='ocr_line' id='line_1_1' title="bbox 546 200 730 256; baseline 0.011 -2"><span class='ocrx_word' id='word_1_1' title='bbox 546 200 662 254; x_wconf 80' lang='lat' dir='ltr'><strong>LIBER</strong></span> <span class='ocrx_word' id='word_1_2' title='bbox 680 201 730 256; x_wconf 70' lang='lat' dir='ltr'><strong>lt.</strong></span> 
     </span>
    </p>
   </div>
   <div class='ocr_carea' id='block_1_2' title="bbox 81 346 1008 3717">
    <p class='ocr_par' dir='ltr' id='par_1_2' title="bbox 81 346 1008 3717">
     <span class='ocr_line' id='line_1_2' title="bbox 148 346 805 426; baseline 0.003 -19"><span class='ocrx_word' id='word_1_3' title='bbox 148 347 312 426; x_wconf 74' lang='lat' dir='ltr'><strong>Auspiciis:</strong></span> <span class='ocrx_word' id='word_1_4' title='bbox 333 346 420 406; x_wconf 89' lang='lat' dir='ltr'><strong>liceat</strong></span> <span class='ocrx_word' id='word_1_5' title='bbox 432 347 560 424; x_wconf 88' lang='lat' dir='ltr'><strong>Phrygio</strong></span> <span class='ocrx_word' id='word_1_6' title='bbox 574 349 681 408; x_wconf 86' lang='lat' dir='ltr'><strong>servire</strong></span> <span class='ocrx_word' id='word_1_7' title='bbox 694 351 805 426; x_wconf 87' lang='lat' dir='ltr'><strong>marito,</strong></span> 
     </span>
     <span class='ocr_line' id='line_1_3' title="bbox 149 426 831 503; baseline 0 -18"><span class='ocrx_word' id='word_1_8' title='bbox 149 426 329 502; x_wconf 87' lang='lat' dir='ltr'><strong>Dotalesqne</strong></span> <span class='ocrx_word' id='word_1_9' title='bbox 341 433 399 484; x_wconf 78' lang='lat' dir='ltr'><strong>ture</strong></span> <span class='ocrx_word' id='word_1_10' title='bbox 414 426 518 503; x_wconf 90' lang='lat' dir='ltr'><strong>Tyrios</strong></span> <span class='ocrx_word' id='word_1_11' title='bbox 531 428 698 503; x_wconf 79' lang='lat' dir='ltr'><strong>permittere</strong></span> <span class='ocrx_word' id='word_1_12' title='bbox 712 428 831 487; x_wconf 72' lang='lat' dir='ltr'><strong>dexhae.</strong></span> 
     </span>
     <span class='ocr_line' id='line_1_4' title="bbox 190 502 872 584; baseline 0.006 -22"><span class='ocrx_word' id='word_1_13' title='bbox 190 504 250 563; x_wconf 89' lang='lat' dir='ltr'><strong>Olli</strong></span> <span class='ocrx_word' id='word_1_14' title='bbox 267 502 372 581; x_wconf 87' lang='lat' dir='ltr'><strong>(sensit</strong></span> <span class='ocrx_word' id='word_1_15' title='bbox 384 505 462 562; x_wconf 90' lang='lat' dir='ltr'><strong>enim</strong></span> <span class='ocrx_word' id='word_1_16' title='bbox 476 505 611 563; x_wconf 77' lang='lat' dir='ltr'><strong>simulati</strong></span> <span class='ocrx_word' id='word_1_17' title='bbox 624 514 722 564; x_wconf 90' lang='lat' dir='ltr'><strong>mente</strong></span> <span class='ocrx_word' id='word_1_18' title='bbox 737 506 872 584; x_wconf 90' lang='lat' dir='ltr'><strong>locutam,</strong></span> 
     </span>
     <span class='ocr_line' id='line_1_5' title="bbox 152 580 846 662; baseline 0.003 -21"><span class='ocrx_word' id='word_1_19' title='bbox 152 580 219 655; x_wconf 74' lang='lat' dir='ltr'><strong>Qut</strong></span> <span class='ocrx_word' id='word_1_20' title='bbox 233 600 354 658; x_wconf 87' lang='lat' dir='ltr'><strong>regnum</strong></span> <span class='ocrx_word' id='word_1_21' title='bbox 369 582 460 641; x_wconf 88' lang='lat' dir='ltr'><strong>ltaliae</strong></span> <span class='ocrx_word' id='word_1_22' title='bbox 475 582 600 659; x_wconf 88' lang='lat' dir='ltr'><strong>Libycas</strong></span> <span class='ocrx_word' id='word_1_23' title='bbox 614 592 756 643; x_wconf 86' lang='lat' dir='ltr'><strong>averteret</strong></span> <span class='ocrx_word' id='word_1_24' title='bbox 768 584 846 662; x_wconf 80' lang='lat' dir='ltr'><strong>ortis)</strong></span> 
     </span>
     <span class='ocr_line' id='line_1_6' title="bbox 154 658 959 737; baseline 0.002 -15"><span class='ocrx_word' id='word_1_25' title='bbox 154 662 200 723; x_wconf 84' lang='lat' dir='ltr'><strong>Sic</strong></span> <span class='ocrx_word' id='word_1_26' title='bbox 214 658 312 719; x_wconf 82' lang='lat' dir='ltr'><strong>contrtl</strong></span> <span class='ocrx_word' id='word_1_27' title='bbox 326 669 371 719; x_wconf 86' lang='lat' dir='ltr'><strong>est</strong></span> <span class='ocrx_word' id='word_1_28' title='bbox 383 661 511 737; x_wconf 86' lang='lat' dir='ltr'><strong>ingressa</strong></span> <span class='ocrx_word' id='word_1_29' title='bbox 523 661 626 720; x_wconf 86' lang='lat' dir='ltr'><strong>Venus</strong></span> <span class='ocrx_word' id='word_1_30' title='bbox 639 683 645 719; x_wconf 94' lang='lat'><strong>:</strong></span> <span class='ocrx_word' id='word_1_31' title='bbox 669 663 743 733; x_wconf 79' lang='lat' dir='ltr'><strong>Quis</strong></span> <span class='ocrx_word' id='word_1_32' title='bbox 756 662 825 720; x_wconf 86' lang='lat' dir='ltr'><strong>talia</strong></span> <span class='ocrx_word' id='word_1_33' title='bbox 838 664 959 724; x_wconf 91' lang='lat' dir='ltr'><strong>demens</strong></span> 
     </span>
     <span class='ocr_line' id='line_1_7' title="bbox 157 739 849 810; baseline 0.001 -12"><span class='ocrx_word' id='word_1_34' title='bbox 157 740 278 810; x_wconf 85' lang='lat' dir='ltr'><strong>Abnnat,</strong></span> <span class='ocrx_word' id='word_1_35' title='bbox 294 748 342 798; x_wconf 89' lang='lat' dir='ltr'><strong>ant</strong></span> <span class='ocrx_word' id='word_1_36' title='bbox 355 748 452 797; x_wconf 89' lang='lat' dir='ltr'><strong>tecum</strong></span> <span class='ocrx_word' id='word_1_37' title='bbox 467 739 548 798; x_wconf 89' lang='lat' dir='ltr'><strong>malit</strong></span> <span class='ocrx_word' id='word_1_38' title='bbox 560 743 735 799; x_wconf 83' lang='lat' dir='ltr'><strong>contendere</strong></span> <span class='ocrx_word' id='word_1_39' title='bbox 748 741 849 800; x_wconf 83' lang='lat' dir='ltr'><strong>bello?</strong></span> 
     </span>
     <span class='ocr_line' id='line_1_8' title="bbox 158 815 955 898; baseline 0.003 -21"><span class='ocrx_word' id='word_1_40' title='bbox 158 818 184 877; x_wconf 75' lang='lat' dir='ltr'><strong>ti</strong></span> <span class='ocrx_word' id='word_1_41' title='bbox 196 815 294 893; x_wconf 81' lang='lat' dir='ltr'><strong>modd,</strong></span> <span class='ocrx_word' id='word_1_42' title='bbox 308 819 385 894; x_wconf 92' lang='lat' dir='ltr'><strong>qnod</strong></span> <span class='ocrx_word' id='word_1_43' title='bbox 399 837 550 893; x_wconf 87' lang='lat' dir='ltr'><strong>memoras,</strong></span> <span class='ocrx_word' id='word_1_44' title='bbox 564 819 671 877; x_wconf 84' lang='lat' dir='ltr'><strong>sactum</strong></span> <span class='ocrx_word' id='word_1_45' title='bbox 685 819 798 878; x_wconf 85' lang='lat' dir='ltr'><strong>fortuna</strong></span> <span class='ocrx_word' id='word_1_46' title='bbox 812 833 955 898; x_wconf 89' lang='lat' dir='ltr'><strong>sequatur.</strong></span> 
     </span>
     <span class='ocr_line' id='line_1_9' title="bbox 154 895 764 974; baseline 0 -19"><span class='ocrx_word' id='word_1_47' title='bbox 154 897 210 955; x_wconf 83' lang='lat' dir='ltr'><strong>Sed</strong></span> <span class='ocrx_word' id='word_1_48' title='bbox 223 895 288 954; x_wconf 84' lang='lat' dir='ltr'><strong>fatis</strong></span> <span class='ocrx_word' id='word_1_49' title='bbox 302 897 410 954; x_wconf 89' lang='lat' dir='ltr'><strong>incerta</strong></span> <span class='ocrx_word' id='word_1_50' title='bbox 423 898 498 955; x_wconf 81' lang='lat' dir='ltr'><strong>feror</strong></span> <span class='ocrx_word' id='word_1_51' title='bbox 511 897 536 953; x_wconf 89' lang='lat' dir='ltr'><strong>si</strong></span> <span class='ocrx_word' id='word_1_52' title='bbox 548 897 663 974; x_wconf 88' lang='lat' dir='ltr'><strong>Jupiter</strong></span> <span class='ocrx_word' id='word_1_53' title='bbox 675 916 764 955; x_wconf 90' lang='lat' dir='ltr'><strong>unam</strong></span> 
     </span>
     <span class='ocr_line' id='line_1_10' title="bbox 151 975 858 1053; baseline 0 -19"><span class='ocrx_word' id='word_1_54' title='bbox 151 975 226 1034; x_wconf 82' lang='lat' dir='ltr'><strong>Esse</strong></span> <span class='ocrx_word' id='word_1_55' title='bbox 239 975 310 1034; x_wconf 89' lang='lat' dir='ltr'><strong>velit</strong></span> <span class='ocrx_word' id='word_1_56' title='bbox 323 976 420 1051; x_wconf 88' lang='lat' dir='ltr'><strong>Tyriis</strong></span> <span class='ocrx_word' id='word_1_57' title='bbox 434 975 536 1032; x_wconf 92' lang='lat' dir='ltr'><strong>urbem</strong></span> <span class='ocrx_word' id='word_1_58' title='bbox 551 975 699 1052; x_wconf 78' lang='lat' dir='ltr'><strong>Trojiqne</strong></span> <span class='ocrx_word' id='word_1_59' title='bbox 712 976 858 1053; x_wconf 87' lang='lat' dir='ltr'><strong>profectis,</strong></span> 
     </span>
     <span class='ocr_line' id='line_1_11' title="bbox 150 1053 858 1132; baseline -0.001 -20"><span class='ocrx_word' id='word_1_60' title='bbox 150 1053 308 1112; x_wconf 85' lang='lat' dir='ltr'><strong>Miscerive</strong></span> <span class='ocrx_word' id='word_1_61' title='bbox 321 1053 424 1131; x_wconf 89' lang='lat' dir='ltr'><strong>probet</strong></span> <span class='ocrx_word' id='word_1_62' title='bbox 435 1053 569 1130; x_wconf 88' lang='lat' dir='ltr'><strong>populos,</strong></span> <span class='ocrx_word' id='word_1_63' title='bbox 585 1061 633 1111; x_wconf 88' lang='lat' dir='ltr'><strong>ant</strong></span> <span class='ocrx_word' id='word_1_64' title='bbox 645 1053 754 1111; x_wconf 85' lang='lat' dir='ltr'><strong>foedera</strong></span> <span class='ocrx_word' id='word_1_65' title='bbox 764 1055 858 1132; x_wconf 87' lang='lat' dir='ltr'><strong>jungi.</strong></span> 
     </span>
     <span class='ocr_line' id='line_1_12' title="bbox 151 1131 941 1210; baseline -0.003 -21"><span class='ocrx_word' id='word_1_66' title='bbox 151 1132 198 1190; x_wconf 92' lang='lat' dir='ltr'><strong>Tu</strong></span> <span class='ocrx_word' id='word_1_67' title='bbox 212 1134 340 1210; x_wconf 85' lang='lat' dir='ltr'><strong>conjux;</strong></span> <span class='ocrx_word' id='word_1_68' title='bbox 362 1132 414 1190; x_wconf 94' lang='lat' dir='ltr'><strong>tibi</strong></span> <span class='ocrx_word' id='word_1_69' title='bbox 427 1131 469 1189; x_wconf 86' lang='lat' dir='ltr'><strong>fas</strong></span> <span class='ocrx_word' id='word_1_70' title='bbox 484 1132 612 1189; x_wconf 88' lang='lat' dir='ltr'><strong>animum</strong></span> <span class='ocrx_word' id='word_1_71' title='bbox 626 1135 736 1190; x_wconf 84' lang='lat' dir='ltr'><strong>tentare</strong></span> <span class='ocrx_word' id='word_1_72' title='bbox 750 1133 903 1210; x_wconf 88' lang='lat' dir='ltr'><strong>precando.</strong></span> <span class='ocrx_word' id='word_1_73' title='bbox 930 1164 941 1187; x_wconf 79' lang='lat'><strong>.-</strong></span> 
     </span>
     <span class='ocr_line' id='line_1_13' title="bbox 151 1210 904 1288; baseline 0.001 -20"><span class='ocrx_word' id='word_1_74' title='bbox 151 1210 263 1286; x_wconf 80' lang='lat' dir='ltr'><strong>Perge3</strong></span> <span class='ocrx_word' id='word_1_75' title='bbox 285 1230 397 1287; x_wconf 88' lang='lat' dir='ltr'><strong>sequar.</strong></span> <span class='ocrx_word' id='word_1_76' title='bbox 439 1210 517 1267; x_wconf 89' lang='lat' dir='ltr'><strong>Tum</strong></span> <span class='ocrx_word' id='word_1_77' title='bbox 532 1211 573 1267; x_wconf 90' lang='lat' dir='ltr'><strong>sic</strong></span> <span class='ocrx_word' id='word_1_78' title='bbox 587 1211 703 1288; x_wconf 83' lang='lat' dir='ltr'><strong>excepit</strong></span> <span class='ocrx_word' id='word_1_79' title='bbox 715 1213 795 1286; x_wconf 89' lang='lat' dir='ltr'><strong>regia</strong></span> <span class='ocrx_word' id='word_1_80' title='bbox 806 1212 904 1269; x_wconf 89' lang='lat' dir='ltr'><strong>Jnno:</strong></span> 
     </span>
     <span class='ocr_line' id='line_1_14' title="bbox 151 1287 1008 1368; baseline 0 -20"><span class='ocrx_word' id='word_1_81' title='bbox 151 1289 273 1348; x_wconf 85' lang='lat' dir='ltr'><strong>Mecum</strong></span> <span class='ocrx_word' id='word_1_82' title='bbox 288 1289 341 1349; x_wconf 87' lang='lat' dir='ltr'><strong>erit</strong></span> <span class='ocrx_word' id='word_1_83' title='bbox 354 1290 409 1346; x_wconf 87' lang='lat' dir='ltr'><strong>iste</strong></span> <span class='ocrx_word' id='word_1_84' title='bbox 422 1287 520 1346; x_wconf 88' lang='lat' dir='ltr'><strong>labor:</strong></span> <span class='ocrx_word' id='word_1_85' title='bbox 543 1308 623 1368; x_wconf 85' lang='lat' dir='ltr'><strong>nnnc¹</strong></span> <span class='ocrx_word' id='word_1_86' title='bbox 633 1289 692 1366; x_wconf 75' lang='lat' dir='ltr'><strong>qni</strong></span> <span class='ocrx_word' id='word_1_87' title='bbox 705 1291 816 1347; x_wconf 88' lang='lat' dir='ltr'><strong>ratione</strong></span> <span class='ocrx_word' id='word_1_88' title='bbox 830 1291 907 1366; x_wconf 92' lang='lat' dir='ltr'><strong>quod</strong></span> <span class='ocrx_word' id='word_1_89' title='bbox 921 1291 1008 1348; x_wconf 85' lang='lat' dir='ltr'><strong>instat</strong></span> 
     </span>
     <span class='ocr_line' id='line_1_15' title="bbox 151 1367 787 1445; baseline -0.005 -18"><span class='ocrx_word' id='word_1_90' title='bbox 151 1367 279 1427; x_wconf 80' lang='lat' dir='ltr'><strong>Oonfieri</strong></span> <span class='ocrx_word' id='word_1_91' title='bbox 292 1368 391 1445; x_wconf 89' lang='lat' dir='ltr'><strong>possit,</strong></span> <span class='ocrx_word' id='word_1_92' title='bbox 405 1369 514 1445; x_wconf 83' lang='lat' dir='ltr'><strong>paucis,</strong></span> <span class='ocrx_word' id='word_1_93' title='bbox 530 1368 655 1444; x_wconf 88' lang='lat' dir='ltr'><strong>adverte,</strong></span> <span class='ocrx_word' id='word_1_94' title='bbox 667 1368 787 1426; x_wconf 88' lang='lat' dir='ltr'><strong>docebo.</strong></span> 
     </span>
     <span class='ocr_line' id='line_1_16' title="bbox 151 1447 817 1524; baseline 0 -20"><span class='ocrx_word' id='word_1_95' title='bbox 151 1447 298 1505; x_wconf 91' lang='lat' dir='ltr'><strong>Venatum</strong></span> <span class='ocrx_word' id='word_1_96' title='bbox 312 1448 424 1505; x_wconf 84' lang='lat' dir='ltr'><strong>AEneas</strong></span> <span class='ocrx_word' id='word_1_97' title='bbox 437 1447 553 1523; x_wconf 71' lang='lat' dir='ltr'><strong>unique</strong></span> <span class='ocrx_word' id='word_1_98' title='bbox 567 1448 726 1524; x_wconf 79' lang='lat' dir='ltr'><strong>miserrima</strong></span> <span class='ocrx_word' id='word_1_99' title='bbox 739 1447 817 1504; x_wconf 92' lang='lat' dir='ltr'><strong>Dido</strong></span> 
     </span>
     <span class='ocr_line' id='line_1_17' title="bbox 152 1525 914 1604; baseline -0.001 -20"><span class='ocrx_word' id='word_1_100' title='bbox 152 1525 187 1584; x_wconf 92' lang='lat' dir='ltr'><strong>In</strong></span> <span class='ocrx_word' id='word_1_101' title='bbox 201 1545 304 1583; x_wconf 89' lang='lat' dir='ltr'><strong>nemus</strong></span> <span class='ocrx_word' id='word_1_102' title='bbox 318 1527 358 1583; x_wconf 88' lang='lat' dir='ltr'><strong>ire</strong></span> <span class='ocrx_word' id='word_1_103' title='bbox 372 1536 482 1604; x_wconf 89' lang='lat' dir='ltr'><strong>parant,</strong></span> <span class='ocrx_word' id='word_1_104' title='bbox 496 1527 548 1584; x_wconf 93' lang='lat' dir='ltr'><strong>ubi</strong></span> <span class='ocrx_word' id='word_1_105' title='bbox 560 1526 668 1603; x_wconf 90' lang='lat' dir='ltr'><strong>primos</strong></span> <span class='ocrx_word' id='word_1_106' title='bbox 682 1525 822 1584; x_wconf 86' lang='lat' dir='ltr'><strong>crastinus</strong></span> <span class='ocrx_word' id='word_1_107' title='bbox 836 1533 914 1584; x_wconf 90' lang='lat' dir='ltr'><strong>ortns</strong></span> 
     </span>
     <span class='ocr_line' id='line_1_18' title="bbox 151 1603 840 1681; baseline -0.004 -19"><span class='ocrx_word' id='word_1_108' title='bbox 151 1603 299 1663; x_wconf 85' lang='lat' dir='ltr'><strong>Extnlerit</strong></span> <span class='ocrx_word' id='word_1_109' title='bbox 311 1605 409 1680; x_wconf 82' lang='lat' dir='ltr'><strong>Titan,</strong></span> <span class='ocrx_word' id='word_1_110' title='bbox 423 1606 569 1681; x_wconf 87' lang='lat' dir='ltr'><strong>radiisque</strong></span> <span class='ocrx_word' id='word_1_111' title='bbox 583 1607 720 1664; x_wconf 84' lang='lat' dir='ltr'><strong>retexerit</strong></span> <span class='ocrx_word' id='word_1_112' title='bbox 733 1606 840 1663; x_wconf 87' lang='lat' dir='ltr'><strong>orbem.</strong></span> 
     </span>
     <span class='ocr_line' id='line_1_19' title="bbox 151 1682 935 1759; baseline 0 -19"><span class='ocrx_word' id='word_1_113' title='bbox 151 1682 208 1740; x_wconf 91' lang='lat' dir='ltr'><strong>His</strong></span> <span class='ocrx_word' id='word_1_114' title='bbox 222 1703 276 1759; x_wconf 93' lang='lat' dir='ltr'><strong>ego</strong></span> <span class='ocrx_word' id='word_1_115' title='bbox 290 1683 451 1758; x_wconf 73' lang='lat' dir='ltr'><strong>nigrantem</strong></span> <span class='ocrx_word' id='word_1_116' title='bbox 466 1683 625 1741; x_wconf 68' lang='lat' dir='ltr'><strong>commixti</strong></span> <span class='ocrx_word' id='word_1_117' title='bbox 639 1685 778 1758; x_wconf 83' lang='lat' dir='ltr'><strong>grandine</strong></span> <span class='ocrx_word' id='word_1_118' title='bbox 791 1683 935 1758; x_wconf 83' lang='lat' dir='ltr'><strong>nimbum,</strong></span> 
     </span>
     <span class='ocr_line' id='line_1_20' title="bbox 151 1760 920 1838; baseline 0 -20"><span class='ocrx_word' id='word_1_119' title='bbox 151 1760 231 1820; x_wconf 90' lang='lat' dir='ltr'><strong>Dum</strong></span> <span class='ocrx_word' id='word_1_120' title='bbox 246 1762 389 1838; x_wconf 88' lang='lat' dir='ltr'><strong>trepidant</strong></span> <span class='ocrx_word' id='word_1_121' title='bbox 402 1761 465 1834; x_wconf 87' lang='lat' dir='ltr'><strong>alae,</strong></span> <span class='ocrx_word' id='word_1_122' title='bbox 481 1761 627 1836; x_wconf 87' lang='lat' dir='ltr'><strong>saltusque</strong></span> <span class='ocrx_word' id='word_1_123' title='bbox 640 1762 777 1837; x_wconf 77' lang='lat' dir='ltr'><strong>indagine</strong></span> <span class='ocrx_word' id='word_1_124' title='bbox 791 1763 920 1837; x_wconf 86' lang='lat' dir='ltr'><strong>cingunt,</strong></span> 
     </span>
     <span class='ocr_line' id='line_1_21' title="bbox 150 1839 952 1918; baseline -0.004 -20"><span class='ocrx_word' id='word_1_125' title='bbox 150 1840 286 1918; x_wconf 87' lang='lat' dir='ltr'><strong>Desuper</strong></span> <span class='ocrx_word' id='word_1_126' title='bbox 298 1840 460 1914; x_wconf 85' lang='lat' dir='ltr'><strong>infundam,</strong></span> <span class='ocrx_word' id='word_1_127' title='bbox 475 1847 505 1897; x_wconf 90' lang='lat' dir='ltr'><strong>et</strong></span> <span class='ocrx_word' id='word_1_128' title='bbox 518 1839 625 1896; x_wconf 91' lang='lat' dir='ltr'><strong>tonitru</strong></span> <span class='ocrx_word' id='word_1_129' title='bbox 639 1839 745 1896; x_wconf 87' lang='lat' dir='ltr'><strong>coelum</strong></span> <span class='ocrx_word' id='word_1_130' title='bbox 760 1858 846 1897; x_wconf 92' lang='lat' dir='ltr'><strong>omne</strong></span> <span class='ocrx_word' id='word_1_131' title='bbox 860 1839 952 1896; x_wconf 89' lang='lat' dir='ltr'><strong>ciebo.</strong></span> 
     </span>
     <span class='ocr_line' id='line_1_22' title="bbox 103 1917 874 1995; baseline -0.009 -17"><span class='ocrx_word' id='word_1_132' title='bbox 103 1954 117 1981; x_wconf 55' lang='grc' dir='ltr'>α</span> <span class='ocrx_word' id='word_1_133' title='bbox 150 1917 315 1995; x_wconf 84' lang='lat' dir='ltr'><strong>Diffugient</strong></span> <span class='ocrx_word' id='word_1_134' title='bbox 328 1918 459 1990; x_wconf 85' lang='lat' dir='ltr'><strong>comites,</strong></span> <span class='ocrx_word' id='word_1_135' title='bbox 474 1924 603 1985; x_wconf 80' lang='lat' dir='ltr'><strong>etnocte</strong></span> <span class='ocrx_word' id='word_1_136' title='bbox 617 1917 874 1992; x_wconf 72' lang='lat' dir='ltr'><strong>tegenturopaci:</strong></span> 
     </span>
     <span class='ocr_line' id='line_1_23' title="bbox 153 1994 845 2076; baseline -0.006 -20"><span class='ocrx_word' id='word_1_137' title='bbox 153 1998 328 2076; x_wconf 84' lang='lat' dir='ltr'><strong>Speluncam</strong></span> <span class='ocrx_word' id='word_1_138' title='bbox 342 1995 421 2054; x_wconf 92' lang='lat' dir='ltr'><strong>Dido</strong></span> <span class='ocrx_word' id='word_1_139' title='bbox 436 1994 496 2052; x_wconf 84' lang='lat' dir='ltr'><strong>dux</strong></span> <span class='ocrx_word' id='word_1_140' title='bbox 509 2002 539 2052; x_wconf 89' lang='lat' dir='ltr'><strong>et</strong></span> <span class='ocrx_word' id='word_1_141' title='bbox 552 1995 696 2073; x_wconf 88' lang='lat' dir='ltr'><strong>Trojanus</strong></span> <span class='ocrx_word' id='word_1_142' title='bbox 711 1994 845 2052; x_wconf 88' lang='lat' dir='ltr'><strong>eamdem</strong></span> 
     </span>
     <span class='ocr_line' id='line_1_24' title="bbox 152 2072 986 2151; baseline -0.001 -17"><span class='ocrx_word' id='word_1_143' title='bbox 152 2076 327 2136; x_wconf 76' lang='lat' dir='ltr'><strong>Devenient.</strong></span> <span class='ocrx_word' id='word_1_144' title='bbox 369 2074 486 2148; x_wconf 92' lang='lat' dir='ltr'><strong>Adero;</strong></span> <span class='ocrx_word' id='word_1_145' title='bbox 509 2080 547 2148; x_wconf 85' lang='lat' dir='ltr'><strong>et,</strong></span> <span class='ocrx_word' id='word_1_146' title='bbox 562 2082 613 2132; x_wconf 89' lang='lat' dir='ltr'><strong>tna</strong></span> <span class='ocrx_word' id='word_1_147' title='bbox 626 2074 650 2132; x_wconf 92' lang='lat' dir='ltr'><strong>si</strong></span> <span class='ocrx_word' id='word_1_148' title='bbox 663 2072 737 2134; x_wconf 92' lang='lat' dir='ltr'><strong>mihi</strong></span> <span class='ocrx_word' id='word_1_149' title='bbox 751 2081 830 2133; x_wconf 90' lang='lat' dir='ltr'><strong>certa</strong></span> <span class='ocrx_word' id='word_1_150' title='bbox 842 2073 986 2151; x_wconf 84' lang='lat' dir='ltr'><strong>voluntas,</strong></span> 
     </span>
     <span class='ocr_line' id='line_1_25' title="bbox 152 2150 900 2234; baseline -0.004 -20"><span class='ocrx_word' id='word_1_151' title='bbox 152 2156 306 2214; x_wconf 82' lang='lat' dir='ltr'><strong>Oonnubio</strong></span> <span class='ocrx_word' id='word_1_152' title='bbox 316 2157 439 2234; x_wconf 87' lang='lat' dir='ltr'><strong>jungam</strong></span> <span class='ocrx_word' id='word_1_153' title='bbox 453 2152 557 2227; x_wconf 87' lang='lat' dir='ltr'><strong>stabili,</strong></span> <span class='ocrx_word' id='word_1_154' title='bbox 571 2150 774 2231; x_wconf 83' lang='lat' dir='ltr'><strong>propriamque</strong></span> <span class='ocrx_word' id='word_1_155' title='bbox 789 2153 900 2212; x_wconf 87' lang='lat' dir='ltr'><strong>dicabo.</strong></span> 
     </span>
     <span class='ocr_line' id='line_1_26' title="bbox 134 2233 882 2311; baseline 0 -19"><span class='ocrx_word' id='word_1_156' title='bbox 134 2250 139 2262; x_wconf 60' lang='lat'>‘</span> <span class='ocrx_word' id='word_1_157' title='bbox 152 2234 212 2293; x_wconf 91' lang='lat' dir='ltr'><strong>Hic</strong></span> <span class='ocrx_word' id='word_1_158' title='bbox 227 2235 407 2311; x_wconf 89' lang='lat' dir='ltr'><strong>Hymenaeus</strong></span> <span class='ocrx_word' id='word_1_159' title='bbox 422 2234 483 2296; x_wconf 84' lang='lat' dir='ltr'><strong>erit.</strong></span> <span class='ocrx_word' id='word_1_160' title='bbox 525 2233 595 2291; x_wconf 89' lang='lat' dir='ltr'><strong>Non</strong></span> <span class='ocrx_word' id='word_1_161' title='bbox 609 2234 759 2291; x_wconf 86' lang='lat' dir='ltr'><strong>adversata</strong></span> <span class='ocrx_word' id='word_1_162' title='bbox 771 2234 882 2310; x_wconf 91' lang='lat' dir='ltr'><strong>petenti</strong></span> 
     </span>
     <span class='ocr_line' id='line_1_27' title="bbox 152 2311 839 2390; baseline -0.007 -19"><span class='ocrx_word' id='word_1_163' title='bbox 152 2313 274 2388; x_wconf 81' lang='lat' dir='ltr'><strong>Annuit,</strong></span> <span class='ocrx_word' id='word_1_164' title='bbox 289 2322 375 2390; x_wconf 92' lang='lat' dir='ltr'><strong>atque</strong></span> <span class='ocrx_word' id='word_1_165' title='bbox 389 2311 462 2370; x_wconf 87' lang='lat' dir='ltr'><strong>dolis</strong></span> <span class='ocrx_word' id='word_1_166' title='bbox 476 2311 538 2369; x_wconf 90' lang='lat' dir='ltr'><strong>risit</strong></span> <span class='ocrx_word' id='word_1_167' title='bbox 551 2312 698 2388; x_wconf 87' lang='lat' dir='ltr'><strong>Cytherea</strong></span> <span class='ocrx_word' id='word_1_168' title='bbox 711 2311 839 2389; x_wconf 79' lang='lat' dir='ltr'><strong>repertis.</strong></span> 
     </span>
     <span class='ocr_line' id='line_1_28' title="bbox 193 2389 882 2466; baseline 0.001 -17"><span class='ocrx_word' id='word_1_169' title='bbox 193 2390 343 2449; x_wconf 89' lang='lat' dir='ltr'><strong>Oceanum</strong></span> <span class='ocrx_word' id='word_1_170' title='bbox 357 2392 467 2448; x_wconf 88' lang='lat' dir='ltr'><strong>interea</strong></span> <span class='ocrx_word' id='word_1_171' title='bbox 480 2408 600 2464; x_wconf 81' lang='lat' dir='ltr'><strong>surgens</strong></span> <span class='ocrx_word' id='word_1_172' title='bbox 613 2390 725 2448; x_wconf 87' lang='lat' dir='ltr'><strong>Aurora</strong></span> <span class='ocrx_word' id='word_1_173' title='bbox 738 2389 882 2466; x_wconf 90' lang='lat' dir='ltr'><strong>relinquit.</strong></span> 
     </span>
     <span class='ocr_line' id='line_1_29' title="bbox 154 2468 804 2546; baseline -0.003 -21"><span class='ocrx_word' id='word_1_174' title='bbox 154 2469 182 2527; x_wconf 92' lang='lat' dir='ltr'><strong>lt</strong></span> <span class='ocrx_word' id='word_1_175' title='bbox 194 2469 284 2543; x_wconf 90' lang='lat' dir='ltr'><strong>portis</strong></span> <span class='ocrx_word' id='word_1_176' title='bbox 294 2469 397 2546; x_wconf 90' lang='lat' dir='ltr'><strong>jubare</strong></span> <span class='ocrx_word' id='word_1_177' title='bbox 411 2475 511 2525; x_wconf 84' lang='lat' dir='ltr'><strong>exorto</strong></span> <span class='ocrx_word' id='word_1_178' title='bbox 524 2468 637 2524; x_wconf 86' lang='lat' dir='ltr'><strong>delecta</strong></span> <span class='ocrx_word' id='word_1_179' title='bbox 652 2470 804 2525; x_wconf 79' lang='lat' dir='ltr'><strong>&#39;nventnsz</strong></span> 
     </span>
     <span class='ocr_line' id='line_1_30' title="bbox 153 2543 773 2621; baseline -0.003 -18"><span class='ocrx_word' id='word_1_180' title='bbox 153 2546 243 2604; x_wconf 88' lang='lat' dir='ltr'><strong>Retia</strong></span> <span class='ocrx_word' id='word_1_181' title='bbox 256 2564 326 2619; x_wconf 90' lang='lat' dir='ltr'><strong>rara,</strong></span> <span class='ocrx_word' id='word_1_182' title='bbox 340 2545 444 2621; x_wconf 81' lang='lat' dir='ltr'><strong>plagae,</strong></span> <span class='ocrx_word' id='word_1_183' title='bbox 457 2543 515 2600; x_wconf 92' lang='lat' dir='ltr'><strong>lato</strong></span> <span class='ocrx_word' id='word_1_184' title='bbox 528 2544 644 2601; x_wconf 82' lang='lat' dir='ltr'><strong>venabu</strong></span> <span class='ocrx_word' id='word_1_185' title='bbox 656 2565 673 2602; x_wconf 89' lang='lat' dir='ltr'><strong>a</strong></span> <span class='ocrx_word' id='word_1_186' title='bbox 686 2544 773 2619; x_wconf 87' lang='lat' dir='ltr'><strong>ferro,</strong></span> 
     </span>
     <span class='ocr_line' id='line_1_31' title="bbox 155 2619 898 2698; baseline -0.005 -17"><span class='ocrx_word' id='word_1_187' title='bbox 155 2623 335 2698; x_wconf 89' lang='lat' dir='ltr'><strong>Massylique</strong></span> <span class='ocrx_word' id='word_1_188' title='bbox 349 2629 437 2677; x_wconf 92' lang='lat' dir='ltr'><strong>rnnnt</strong></span> <span class='ocrx_word' id='word_1_189' title='bbox 450 2619 571 2693; x_wconf 89' lang='lat' dir='ltr'><strong>equites,</strong></span> <span class='ocrx_word' id='word_1_190' title='bbox 586 2627 615 2676; x_wconf 93' lang='lat' dir='ltr'><strong>et</strong></span> <span class='ocrx_word' id='word_1_191' title='bbox 628 2621 716 2677; x_wconf 90' lang='lat' dir='ltr'><strong>odora</strong></span> <span class='ocrx_word' id='word_1_192' title='bbox 728 2639 832 2678; x_wconf 88' lang='lat' dir='ltr'><strong>canum</strong></span> <span class='ocrx_word' id='word_1_193' title='bbox 845 2621 898 2678; x_wconf 89' lang='lat' dir='ltr'><strong>vis.</strong></span> 
     </span>
     <span class='ocr_line' id='line_1_32' title="bbox 154 2695 901 2777; baseline -0.008 -17"><span class='ocrx_word' id='word_1_194' title='bbox 154 2701 300 2777; x_wconf 83' lang='lat' dir='ltr'><strong>Reginam</strong></span> <span class='ocrx_word' id='word_1_195' title='bbox 314 2698 442 2758; x_wconf 89' lang='lat' dir='ltr'><strong>thalamo</strong></span> <span class='ocrx_word' id='word_1_196' title='bbox 456 2703 639 2753; x_wconf 89' lang='lat' dir='ltr'><strong>cunctantem</strong></span> <span class='ocrx_word' id='word_1_197' title='bbox 654 2696 689 2753; x_wconf 93' lang='lat' dir='ltr'><strong>ad</strong></span> <span class='ocrx_word' id='word_1_198' title='bbox 703 2695 804 2753; x_wconf 92' lang='lat' dir='ltr'><strong>limina</strong></span> <span class='ocrx_word' id='word_1_199' title='bbox 815 2697 901 2773; x_wconf 88' lang='lat' dir='ltr'><strong>primi</strong></span> 
     </span>
     <span class='ocr_line' id='line_1_33' title="bbox 156 2773 928 2853; baseline -0.009 -15"><span class='ocrx_word' id='word_1_200' title='bbox 156 2780 312 2838; x_wconf 90' lang='lat' dir='ltr'><strong>Poenorum</strong></span> <span class='ocrx_word' id='word_1_201' title='bbox 326 2782 514 2853; x_wconf 83' lang='lat' dir='ltr'><strong>exspectant:</strong></span> <span class='ocrx_word' id='word_1_202' title='bbox 536 2781 669 2850; x_wconf 88' lang='lat' dir='ltr'><strong>ostroque</strong></span> <span class='ocrx_word' id='word_1_203' title='bbox 682 2773 802 2850; x_wconf 89' lang='lat' dir='ltr'><strong>insignis</strong></span> <span class='ocrx_word' id='word_1_204' title='bbox 816 2783 846 2833; x_wconf 90' lang='lat' dir='ltr'><strong>et</strong></span> <span class='ocrx_word' id='word_1_205' title='bbox 859 2793 928 2832; x_wconf 87' lang='lat' dir='ltr'><strong>auro</strong></span> 
     </span>
     <span class='ocr_line' id='line_1_34' title="bbox 158 2852 913 2935; baseline -0.009 -18"><span class='ocrx_word' id='word_1_206' title='bbox 158 2859 221 2918; x_wconf 89' lang='lat' dir='ltr'><strong>Stat</strong></span> <span class='ocrx_word' id='word_1_207' title='bbox 235 2855 361 2935; x_wconf 84' lang='lat' dir='ltr'><strong>sonipes,</strong></span> <span class='ocrx_word' id='word_1_208' title='bbox 376 2873 410 2913; x_wconf 93' lang='lat' dir='ltr'><strong>ac</strong></span> <span class='ocrx_word' id='word_1_209' title='bbox 424 2854 512 2912; x_wconf 73' lang='lat' dir='ltr'><strong>fraena</strong></span> <span class='ocrx_word' id='word_1_210' title='bbox 524 2852 606 2910; x_wconf 82' lang='lat' dir='ltr'><strong>ferox</strong></span> <span class='ocrx_word' id='word_1_211' title='bbox 619 2852 782 2930; x_wconf 85' lang='lat' dir='ltr'><strong>spumantia</strong></span> <span class='ocrx_word' id='word_1_212' title='bbox 795 2852 913 2912; x_wconf 90' lang='lat' dir='ltr'><strong>mandit.</strong></span> 
     </span>
     <span class='ocr_line' id='line_1_35' title="bbox 81 2931 886 3014; baseline -0.016 -13"><span class='ocrx_word' id='word_1_213' title='bbox 81 2977 97 3001; x_wconf 56' lang='lat' dir='ltr'><strong>a</strong></span> <span class='ocrx_word' id='word_1_214' title='bbox 157 2938 290 2996; x_wconf 86' lang='lat' dir='ltr'><strong>Tandem</strong></span> <span class='ocrx_word' id='word_1_215' title='bbox 303 2932 493 3014; x_wconf 80' lang='lat' dir='ltr'><strong>progreditur,</strong></span> <span class='ocrx_word' id='word_1_216' title='bbox 507 2931 612 3008; x_wconf 76' lang='lat' dir='ltr'><strong>magni</strong></span> <span class='ocrx_word' id='word_1_217' title='bbox 625 2931 748 3008; x_wconf 80' lang='lat' dir='ltr'><strong>stipante</strong></span> <span class='ocrx_word' id='word_1_218' title='bbox 762 2932 886 3007; x_wconf 78' lang='lat' dir='ltr'><strong>catervi,</strong></span> 
     </span>
     <span class='ocr_line' id='line_1_36' title="bbox 158 3009 910 3093; baseline -0.009 -18"><span class='ocrx_word' id='word_1_219' title='bbox 158 3016 307 3076; x_wconf 86' lang='lat' dir='ltr'><strong>Sidoniam</strong></span> <span class='ocrx_word' id='word_1_220' title='bbox 319 3015 397 3093; x_wconf 88' lang='lat' dir='ltr'><strong>picto</strong></span> <span class='ocrx_word' id='word_1_221' title='bbox 411 3011 594 3088; x_wconf 85' lang='lat' dir='ltr'><strong>chlamydem</strong></span> <span class='ocrx_word' id='word_1_222' title='bbox 609 3009 784 3069; x_wconf 78' lang='lat' dir='ltr'><strong>circumdata</strong></span> <span class='ocrx_word' id='word_1_223' title='bbox 796 3009 885 3068; x_wconf 92' lang='lat' dir='ltr'><strong>limbo</strong></span> <span class='ocrx_word' id='word_1_224' title='bbox 896 3016 910 3084; x_wconf 86' lang='lat'><strong>;&#39;</strong></span> 
     </span>
     <span class='ocr_line' id='line_1_37' title="bbox 157 3087 935 3172; baseline -0.01 -18"><span class='ocrx_word' id='word_1_225' title='bbox 157 3095 215 3155; x_wconf 81' lang='lat' dir='ltr'><strong>cui</strong></span> <span class='ocrx_word' id='word_1_226' title='bbox 227 3095 360 3172; x_wconf 88' lang='lat' dir='ltr'><strong>pharetra</strong></span> <span class='ocrx_word' id='word_1_227' title='bbox 374 3112 412 3151; x_wconf 84' lang='lat' dir='ltr'><strong>ex</strong></span> <span class='ocrx_word' id='word_1_228' title='bbox 425 3110 503 3165; x_wconf 89' lang='lat' dir='ltr'><strong>auro,</strong></span> <span class='ocrx_word' id='word_1_229' title='bbox 518 3089 611 3148; x_wconf 89' lang='lat' dir='ltr'><strong>crines</strong></span> <span class='ocrx_word' id='word_1_230' title='bbox 625 3089 767 3146; x_wconf 88' lang='lat' dir='ltr'><strong>nodantur</strong></span> <span class='ocrx_word' id='word_1_231' title='bbox 779 3087 810 3146; x_wconf 90' lang='lat' dir='ltr'><strong>in</strong></span> <span class='ocrx_word' id='word_1_232' title='bbox 824 3108 935 3165; x_wconf 88' lang='lat' dir='ltr'><strong>aurum,</strong></span> 
     </span>
     <span class='ocr_line' id='line_1_38' title="bbox 158 3167 830 3249; baseline -0.013 -18"><span class='ocrx_word' id='word_1_233' title='bbox 158 3178 256 3232; x_wconf 86' lang='lat' dir='ltr'><strong>Aurea</strong></span> <span class='ocrx_word' id='word_1_234' title='bbox 269 3190 440 3249; x_wconf 89' lang='lat' dir='ltr'><strong>pnrpuream</strong></span> <span class='ocrx_word' id='word_1_235' title='bbox 454 3168 599 3227; x_wconf 91' lang='lat' dir='ltr'><strong>subnectit</strong></span> <span class='ocrx_word' id='word_1_236' title='bbox 612 3167 701 3225; x_wconf 86' lang='lat' dir='ltr'><strong>fibula</strong></span> <span class='ocrx_word' id='word_1_237' title='bbox 711 3174 830 3224; x_wconf 89' lang='lat' dir='ltr'><strong>vestem.</strong></span> 
     </span>
     <span class='ocr_line' id='line_1_39' title="bbox 158 3245 862 3324; baseline -0.011 -15"><span class='ocrx_word' id='word_1_238' title='bbox 158 3252 225 3310; x_wconf 88' lang='lat' dir='ltr'><strong>Nec</strong></span> <span class='ocrx_word' id='word_1_239' title='bbox 239 3270 296 3308; x_wconf 91' lang='lat' dir='ltr'><strong>non</strong></span> <span class='ocrx_word' id='word_1_240' title='bbox 310 3259 340 3308; x_wconf 94' lang='lat' dir='ltr'><strong>et</strong></span> <span class='ocrx_word' id='word_1_241' title='bbox 352 3248 472 3324; x_wconf 90' lang='lat' dir='ltr'><strong>Phrygii</strong></span> <span class='ocrx_word' id='word_1_242' title='bbox 485 3248 617 3321; x_wconf 81' lang='lat' dir='ltr'><strong>comites,</strong></span> <span class='ocrx_word' id='word_1_243' title='bbox 632 3255 662 3305; x_wconf 89' lang='lat' dir='ltr'><strong>ct</strong></span> <span class='ocrx_word' id='word_1_244' title='bbox 673 3246 756 3304; x_wconf 79' lang='lat' dir='ltr'><strong>laetus</strong></span> <span class='ocrx_word' id='word_1_245' title='bbox 771 3245 862 3320; x_wconf 88' lang='lat' dir='ltr'><strong>Inlns,</strong></span> 
     </span>
     <span class='ocr_line' id='line_1_40' title="bbox 160 3323 927 3403; baseline -0.01 -16"><span class='ocrx_word' id='word_1_246' title='bbox 160 3323 311 3387; x_wconf 85' lang='lat' dir='ltr'><strong>Incedunt.</strong></span> <span class='ocrx_word' id='word_1_247' title='bbox 353 3328 421 3403; x_wconf 84' lang='lat' dir='ltr'><strong>lpse</strong></span> <span class='ocrx_word' id='word_1_248' title='bbox 435 3334 501 3384; x_wconf 87' lang='lat' dir='ltr'><strong>ante</strong></span> <span class='ocrx_word' id='word_1_249' title='bbox 515 3325 586 3383; x_wconf 91' lang='lat' dir='ltr'><strong>alios</strong></span> <span class='ocrx_word' id='word_1_250' title='bbox 599 3324 811 3400; x_wconf 88' lang='lat' dir='ltr'><strong>pulcherrimus</strong></span> <span class='ocrx_word' id='word_1_251' title='bbox 825 3340 927 3380; x_wconf 91' lang='lat' dir='ltr'><strong>omnes</strong></span> 
     </span>
     <span class='ocr_line' id='line_1_41' title="bbox 160 3401 897 3479; baseline -0.009 -14"><span class='ocrx_word' id='word_1_252' title='bbox 160 3407 251 3465; x_wconf 82' lang='lat' dir='ltr'><strong>Infert</strong></span> <span class='ocrx_word' id='word_1_253' title='bbox 264 3425 295 3464; x_wconf 90' lang='lat' dir='ltr'><strong>se</strong></span> <span class='ocrx_word' id='word_1_254' title='bbox 309 3405 418 3464; x_wconf 91' lang='lat' dir='ltr'><strong>socium</strong></span> <span class='ocrx_word' id='word_1_255' title='bbox 432 3402 553 3478; x_wconf 82' lang='lat' dir='ltr'><strong>AEneas,</strong></span> <span class='ocrx_word' id='word_1_256' title='bbox 567 3411 653 3479; x_wconf 91' lang='lat' dir='ltr'><strong>atque</strong></span> <span class='ocrx_word' id='word_1_257' title='bbox 668 3402 783 3478; x_wconf 83' lang='lat' dir='ltr'><strong>agmina</strong></span> <span class='ocrx_word' id='word_1_258' title='bbox 791 3401 897 3479; x_wconf 78' lang='lat' dir='ltr'><strong>jungit.</strong></span> 
     </span>
     <span class='ocr_line' id='line_1_42' title="bbox 162 3477 938 3558; baseline -0.013 -15"><span class='ocrx_word' id='word_1_259' title='bbox 162 3485 274 3558; x_wconf 84' lang='lat' dir='ltr'><strong>Qualis,</strong></span> <span class='ocrx_word' id='word_1_260' title='bbox 288 3480 338 3542; x_wconf 89' lang='lat' dir='ltr'><strong>uhi</strong></span> <span class='ocrx_word' id='word_1_261' title='bbox 350 3482 501 3539; x_wconf 87' lang='lat' dir='ltr'><strong>hibernam</strong></span> <span class='ocrx_word' id='word_1_262' title='bbox 514 3482 634 3557; x_wconf 89' lang='lat' dir='ltr'><strong>Lyciam</strong></span> <span class='ocrx_word' id='word_1_263' title='bbox 648 3479 816 3555; x_wconf 86' lang='lat' dir='ltr'><strong>Xanthique</strong></span> <span class='ocrx_word' id='word_1_264' title='bbox 829 3477 938 3534; x_wconf 89' lang='lat' dir='ltr'><strong>fluenta</strong></span> 
     </span>
     <span class='ocr_line' id='line_1_43' title="bbox 161 3555 872 3637; baseline -0.017 -15"><span class='ocrx_word' id='word_1_265' title='bbox 161 3563 288 3637; x_wconf 87' lang='lat' dir='ltr'><strong>Deserit,</strong></span> <span class='ocrx_word' id='word_1_266' title='bbox 303 3581 336 3619; x_wconf 92' lang='lat' dir='ltr'><strong>ac</strong></span> <span class='ocrx_word' id='word_1_267' title='bbox 347 3556 459 3618; x_wconf 90' lang='lat' dir='ltr'><strong>Delum</strong></span> <span class='ocrx_word' id='word_1_268' title='bbox 472 3567 630 3617; x_wconf 83' lang='lat' dir='ltr'><strong>maternam</strong></span> <span class='ocrx_word' id='word_1_269' title='bbox 643 3558 743 3616; x_wconf 88' lang='lat' dir='ltr'><strong>invisit</strong></span> <span class='ocrx_word' id='word_1_270' title='bbox 756 3555 872 3633; x_wconf 81' lang='lat' dir='ltr'><strong>Apollo,</strong></span> 
     </span>
     <span class='ocr_line' id='line_1_44' title="bbox 162 3633 896 3717; baseline -0.018 -16"><span class='ocrx_word' id='word_1_271' title='bbox 162 3643 363 3717; x_wconf 87' lang='lat' dir='ltr'><strong>instauratque</strong></span> <span class='ocrx_word' id='word_1_272' title='bbox 377 3638 498 3710; x_wconf 72' lang='lat' dir='ltr'><strong>choros,</strong></span> <span class='ocrx_word' id='word_1_273' title='bbox 520 3636 661 3714; x_wconf 84' lang='lat' dir='ltr'><strong>mixtique</strong></span> <span class='ocrx_word' id='word_1_274' title='bbox 675 3635 778 3694; x_wconf 79' lang='lat' dir='ltr'><strong>altaria·</strong></span> <span class='ocrx_word' id='word_1_275' title='bbox 787 3633 896 3691; x_wconf 89' lang='lat' dir='ltr'><strong>circum</strong></span> 
     </span>
    </p>
   </div>
   <div class='ocr_carea' id='block_1_3' title="bbox 160 3689 1127 3799">
    <p class='ocr_par' dir='ltr' id='par_1_3' title="bbox 160 3689 1127 3799">
     <span class='ocr_line' id='line_1_45' title="bbox 160 3689 1127 3799; baseline -0.019 -16"><span class='ocrx_word' id='word_1_276' title='bbox 160 3721 321 3798; x_wconf 81' lang='lat' dir='ltr'><strong>Cretesque</strong></span> <span class='ocrx_word' id='word_1_277' title='bbox 335 3718 528 3796; x_wconf 84' lang='lat' dir='ltr'><strong>Dryopesque</strong></span> <span class='ocrx_word' id='word_1_278' title='bbox 541 3714 681 3792; x_wconf 45' lang='lat' dir='ltr'><strong>tremunt,</strong></span> <span class='ocrx_word' id='word_1_279' title='bbox 688 3713 817 3799; x_wconf 80' lang='lat' dir='ltr'><strong>pictique</strong></span> <span class='ocrx_word' id='word_1_280' title='bbox 830 3707 992 3794; x_wconf 80' lang='lat' dir='ltr'><strong>Agathyrsi,</strong></span> <span class='ocrx_word' id='word_1_281' title='bbox 998 3728 1014 3769; x_wconf 58' lang='lat'><strong>:„-</strong></span> <span class='ocrx_word' id='word_1_282' title='bbox 1121 3689 1127 3696; x_wconf 58' lang='grc'><em>”</em></span> 
     </span>
    </p>
   </div>
   <div class='ocr_carea' id='block_1_4' title="bbox 0 0 1222 4178">
    <p class='ocr_par' dir='ltr' id='par_1_4' title="bbox 0 0 1222 4178">
     <span class='ocr_line' id='line_1_46' title="bbox 0 0 1222 4178; baseline 0 0"><span class='ocrx_word' id='word_1_283' title='bbox 0 0 1222 4178; x_wconf 95' lang='lat' dir='ltr'><strong> </strong></span> 
     </span>
    </p>
   </div>
  </div>
 </body>
</html>
