2400 4178
117 169 171 265 uu
522 201 705 259 nnnrnos

115 357 200 433 Tros,
216 356 264 432 ait,
279 354 398 413 AEnea?
421 356 539 412 cessas?
560 371 655 429 neque
669 352 747 410 enim
761 349 828 411 antei
843 352 996 415 dehiscent

115 435 254 496 Attonite
269 451 374 509 magna
386 450 436 489 ora
450 433 560 489 domis.
604 432 644 489 Et
656 431 725 489 talia
738 430 804 506 iata,

115 514 273 573 Conticuit.
315 509 437 569 Gelidus
452 511 575 568 Teucris
587 510 719 587 perdura
733 510 859 568 cucurrit

115 591 191 652 Ossa
203 600 327 658 tremor3
348 589 500 665 funditque
513 606 614 666 preces
628 605 679 644 rex
692 594 808 663 pectore
822 588 858 646 ab
871 588 948 648 imo:

154 669 276 744 Phoebe,
290 686 391 743 graves
405 667 502 725 Tro‘oe
517 685 631 742 semper
644 666 777 724 miserate
791 666 913 744 labores,

115 747 251 805 Dardana
264 746 314 823 qui
327 745 441 803 Paridis
455 688 559 803 direxti
573 744 632 802 tela
644 763 804 821 manusque

113 826 227 902 Corpus
241 825 271 882 in
284 824 427 898 AEacide,
442 842 559 899 magnas
573 823 710 880 obeuntia
722 831 811 881 terras

113 902 173 961 Tot
187 904 276 960 maria
288 902 401 976 intravi,
415 903 489 959 duce
503 911 541 976 te,
557 899 872 979 penitdsqueffepdstas

114 981 278 1057 Itiassylirm
291 987 402 1056 gentes,
416 988 613 1057 praetentaque
633 979 764 1056 Syrtibus
778 998 861 1054 arva;

112 1060 179 1117 Jam
192 1060 309 1117 tandem
324 1058 414 1116 Italiae
428 1058 563 1134 fugientis
576 1059 746 1134 prendimus
759 1076 842 1116 oras:

117 1137 181 1195 Hic
196 1137 323 1216 Trojana
336 1144 420 1194 tenua
435 1137 520 1194 suerit
533 1136 646 1194 fortuna
659 1144 767 1194 secuta

118 1214 177 1273 Vos
191 1234 308 1293 quoque
321 1214 489 1289 Pergameae
496 1217 558 1292 Jam
573 1214 616 1273 saa
629 1222 674 1272 est
686 1232 805 1292 parcere
818 1213 907 1291 genti,

114 1293 214 1371 Dique
227 1294 349 1370 deeque
362 1310 465 1350 omnes
478 1293 584 1370 quibua
598 1292 708 1351 obstitit
723 1293 819 1370 Ilium,
833 1301 864 1352 et
877 1292 981 1370 ingens

115 1372 215 1431 Gloria
228 1372 393 1434 Dardaniae.
435 1371 550 1448 Tuque,
563 1390 580 1428 o
594 1370 775 1429 sanctissima
786 1379 878 1446 vates,

114 1449 241 1508 Praescia
254 1449 378 1525 venturi,
393 1450 439 1525 da,
454 1469 511 1506 non
525 1450 654 1507 indebita
666 1467 755 1525 posco

113 1528 219 1604 Regna
232 1529 305 1585 meis
318 1528 393 1602 fatis,
408 1527 491 1585 Latio
505 1528 654 1584 considere
669 1527 809 1602 Teucros,

114 1606 309 1681 Errantesque
323 1606 404 1678 deos,
419 1605 580 1680 agitataque
594 1605 715 1662 numina
727 1604 834 1683 Trojae.

114 1683 192 1741 Tum
205 1682 319 1742 Phoebo
332 1692 362 1741 et
375 1682 483 1740 Trivice
498 1682 590 1741 solido
604 1684 641 1741 de
655 1701 797 1741 marmore
811 1680 953 1760 templum

115 1761 277 1837 Institnam,
289 1760 435 1837 festosque
449 1762 511 1820 dies
525 1762 562 1820 de
575 1763 693 1821 nomine
706 1762 820 1821 Pnoebi.

113 1840 160 1898 Te
174 1859 290 1917 quoque
304 1859 409 1917 magna
422 1849 540 1900 manent
553 1842 649 1918 regnis
662 1841 820 1919 penetralia
832 1838 953 1899 nornis:

114 1918 174 1977 Hic
189 1938 243 1996 ego
257 1938 383 1996 namque
395 1928 460 1979 tuas
474 1929 574 1996 sortes,
589 1924 751 1997 arcensque
764 1919 823 1979 sata

113 1996 201 2056 Dicta
214 2016 287 2055 mee
302 1999 391 2074 genti,
404 2016 522 2076 ponam,
533 1999 681 2075 lectosque
695 1997 823 2073 sacrabo,

112 2075 210 2152 Alma,
224 2077 309 2136 viros
351 2077 443 2135 Foliis
455 2074 567 2134 tantiam
581 2095 619 2134 ne
633 2077 760 2134 carmina
773 2075 888 2152 manda,

111 2153 144 2212 N
145 2173 162 2211 e
176 2154 288 2214 turbata
299 2153 400 2214 volent
412 2154 519 2230 rapidis
532 2154 656 2211 ludibria
668 2154 781 2212 ventis:

113 2230 181 2309 Ipsa
194 2251 290 2309 canas,
303 2248 363 2290 cru.
405 2231 511 2290 Finem
525 2231 605 2290 dedit
618 2250 667 2289 ore
680 2232 827 2307 loquendi

151 2312 200 2384 At,
214 2309 319 2369 Phoebi
332 2308 462 2368 nondum
475 2310 597 2387 patiens,
612 2310 745 2368 immanis
758 2310 790 2367 in
804 2317 886 2369 antro

112 2387 276 2447 Bacchatur
288 2396 379 2463 vates,
394 2407 529 2464 magnum
543 2389 568 2447 si
581 2397 699 2484 pectore
712 2387 803 2466 possit

112 2467 288 2526 Excussisse
302 2469 407 2526 deum:
429 2464 508 2526 tantu
523 2486 615 2543 magis
629 2468 678 2526 ille
692 2466 791 2544 fatigat

113 2545 155 2604 Os
169 2547 310 2622 rabidum,
324 2546 385 2605 fera
397 2546 484 2605 corda
497 2546 629 2622 domans,
643 2546 783 2623 tingitque
796 2543 965 2624 premendo.

113 2623 196 2684 Ostia
205 2627 325 2703 jamque
338 2624 443 2685 domita
456 2623 576 2702 patuere
590 2626 719 2702 ingentia
732 2633 848 2685 centum

114 2703 226 2781 Sponte
239 2706 303 2782 sui,
316 2706 448 2783 vatisque
461 2705 557 2765 serunt
570 2722 708 2783 responsa
720 2724 774 2782 per
787 2722 886 2763 auras:

114 2782 140 2841 Ο
155 2785 273 2843 tandem
287 2785 401 2877 magnis
414 2783 510 2862 pelagi
524 2784 661 2842 defuncte
670 2784 801 2861 periclis!

115 2862 174 2920 Sed
187 2863 262 2923 terri
275 2880 406 2939 graviora
419 2869 545 2920 manent.
588 2861 624 2918 In
638 2879 726 2934 regna
738 2858 843 2920 Lavini

113 2940 288 2998 Dardanidae
301 2941 431 3013 venient,
446 2941 528 2998 mitte
541 2937 617 2996 hanc
631 2939 668 2996 de
681 2946 798 3015 pectore
811 2954 929 3011 curam;

115 3018 174 3075 Sed
188 3037 246 3075 non
261 3025 291 3074 et
303 3018 419 3076 venisse
432 3019 547 3076 uolent:
568 3016 654 3092 bella,
667 3016 785 3074 horrida
796 3016 885 3093 bella,

113 3095 155 3153 Et
168 3095 290 3171 Tybrim
304 3094 395 3152 multo
409 3103 591 3171 spumantem
606 3095 746 3170 sanguine
761 3114 857 3154 ccmo.

112 3173 183 3232 Non
198 3173 304 3231 Simois
318 3171 381 3248 tibi,
393 3191 450 3231 nec
464 3173 610 3248 Xanthus,
624 3192 680 3231 nec
694 3174 805 3231 Dorica
818 3181 920 3250 castra,

113 3251 285 3311 Defuerint:
308 3248 381 3309 alius
395 3251 479 3310 Latio
489 3254 550 3330 jam
565 3259 664 3328 partus
677 3251 819 3328 Achilles,

113 3331 208 3390 Natus
223 3330 328 3408 etipse
343 3330 418 3403 dei3
438 3346 494 3389 nec
507 3330 630 3389 Teucris
644 3331 741 3389 addita
752 3331 829 3389 Juno

112 3409 246 3489 Usquam
259 3409 358 3468 aberit
401 3409 501 3481 Quum
514 3417 546 3468 tu
558 3410 693 3488 supplex,
706 3410 737 3468 in
751 3409 836 3470 rebus
849 3407 960 3487 egenis,

114 3489 197 3561 Quas
211 3495 312 3566 gentes
327 3487 443 3565 Italiam,
456 3496 508 3559 aut
521 3506 591 3564 quas
604 3507 663 3547 nou
677 3491 802 3549 oraveris
815 3489 919 3549 urbes!

113 3567 212 3626 Causa
224 3567 294 3627 mali
306 3566 379 3627 tanti
392 3570 501 3626 con'ux
515 3568 628 3643 iterum,
643 3567 758 3648 hospita
770 3568 903 3646 Teucris,

113 3644 297 3724 Externique
311 3646 416 3706 iterum
431 3586 557 3707 tialami.
576 3708 579 3712 ,
