2400 4178
538 215 654 272 LIBER
671 216 723 273 tv.
1084 223 1140 280 1⁸

186 365 227 423 At
240 361 309 425 verd
323 364 434 425 AEness
449 365 587 443 adspectu
601 364 747 424 obmutuit
760 384 880 440 amens3
1029 418 1032 423 .

146 444 334 521 Arrectoeque
348 443 465 502 horrore
478 463 581 519 comae,
596 451 626 502 et
638 463 697 505 vox
710 443 843 504 faucibus
856 444 950 506 bresit.
1076 454 1138 511 280

145 523 239 581 Ardet
252 523 330 581 abire
343 523 422 599 fuga,
438 523 598 599 dulcesque
612 523 775 598 relinquere
788 532 887 603 terras,

145 603 295 674 Attonitus
309 610 387 661 tanto
404 603 515 661 monitu
527 602 708 680 imperioque
723 603 853 662 deorum.

147 676 244 738 Heul‘
257 679 326 757 quid
341 683 425 756 agat?
446 700 504 757 quo
517 701 595 740 nunc
609 683 738 758 reginam
753 682 862 740 ambire
876 684 1020 745 furentem

146 758 263 817 Audeat
277 758 384 817 affatu?
406 779 470 834 quae
485 762 579 838 prima
593 761 712 818 exordia
726 764 842 821 sumat?

146 838 243 914 Atque
258 838 387 896 animum
402 856 482 896 nunc
497 839 555 896 huc
569 839 704 912 celerem,
719 859 797 898 nunc
811 840 915 898 dividit
927 841 1010 918 illuc,
1078 847 1137 902 28⁵

147 915 182 973 In
195 916 439 1009 partesque‘rapqt
452 917 555 991 varias,
569 935 679 991 perque
693 919 791 975 omnis
803 927 907 977 versat.

146 994 222 1052 Haec
237 995 389 1053 alternanti
402 995 496 1070 potior
510 995 654 1052 sententia
666 993 728 1051 visa
742 1004 794 1054 est.

146 1072 314 1147 Mnesthea,
331 1070 556 1149 Sergestumque
569 1081 663 1147 vocat,
679 1071 839 1149 fortemque
853 1073 1051 1152 Cloanthum

146 1151 281 1209 Classem
296 1158 394 1226 aptent
407 1150 497 1226 taciti,
512 1151 606 1208 socios
618 1153 658 1209 'ad
671 1151 766 1210 littora
778 1161 892 1239 cogant,

146 1231 238 1287 Arma
251 1237 362 1304 parent,
377 1236 485 1302 atquae
500 1229 537 1286 sit
550 1228 635 1286 rebus
652 1248 741 1288 causa
753 1233 894 1292 novandis
1078 1240 1136 1294 290

146 1308 359 1366 Dissimulent:
382 1326 445 1385 sese
460 1306 579 1382 interea,
594 1307 709 1382 quando
724 1309 832 1383 optima
845 1311 924 1370 Dido

147 1387 279 1463 Nesciat,
296 1395 325 1445 et
338 1385 431 1445 tantos
446 1387 539 1463 rumpi
553 1405 611 1442 non
626 1392 721 1462 speret
735 1405 855 1463 amores,

148 1466 340 1525 Tentaturum
354 1466 458 1541 adituS,
473 1475 503 1525 et
516 1485 581 1542 quae
595 1464 765 1523 mollissima
777 1464 856 1524 sandi

148 1546 302 1623 Tempora,
317 1547 380 1622 quis
394 1546 480 1604 rebus
494 1547 595 1603 dexter
609 1543 723 1602 modus.
766 1543 858 1605 Ocius
871 1566 972 1606 omnes

148 1625 275 1701 Imperio
289 1626 349 1683 laeti
363 1633 473 1702 parent,
490 1644 523 1682 ac
533 1627 615 1702 jussa
628 1623 782 1682 lacessunt.
1005 1653 1009 1661 ·
1077 1631 1135 1686 295

186 1707 228 1762 At
240 1705 340 1779 regina
354 1703 436 1762 dolos
455 1703 534 1779 (quis
549 1702 646 1760 fallere
660 1704 751 1778 possit
765 1711 910 1763 amantem
919 1706 946 1784 i)

147 1782 312 1858 Praesensit,
327 1791 479 1858 motusque
494 1782 610 1857 excepit
623 1783 715 1859 prima
727 1783 849 1857 futuros,

148 1861 255 1920 Omnia
267 1871 330 1920 tuta
343 1863 467 1921 timens:
490 1863 592 1920 eadem
605 1861 695 1938 impia
708 1861 800 1919 Fama
812 1860 918 1920 furenti

147 1940 260 1999 Detulit
274 1941 376 2000 armari
390 1942 522 2017 classem,
537 1959 714 2017 cursumque
728 1939 830 2017 parari.

149 2020 239 2081 Saevit
251 2021 334 2099 inops
349 2021 448 2097 animi,
463 2028 610 2097 totamque
624 2022 744 2080 incensa
757 2040 809 2098 per
822 2019 925 2078 urbem
1077 2025 1135 2080 300

147 2098 325 2159 Bacchatur:
348 2101 440 2176 qualis
454 2101 607 2160 commotis
622 2102 717 2159 excita
731 2100 817 2158 sacris
1091 2117 1094 2123 ·

59 2217 61 2221 ψ
147 2178 266 2256 Thyias,
281 2181 332 2238 ubi
346 2181 443 2239 audito
457 2180 604 2238 stimulant
617 2180 761 2239 trieterica
775 2178 894 2238 Baccho

148 2256 243 2333 Orgia,
258 2258 472 2336 noctuniusque
486 2268 571 2321 vocat
583 2260 709 2318 clamore
724 2259 881 2318 Cithaeron.

146 2335 280 2395 Tandem
294 2339 339 2396 his
352 2339 469 2396 AEneau
484 2339 640 2417 compellat
653 2339 775 2397 vocibus
789 2337 882 2395 ultro:

158 2431 161 2434 ·
185 2416 376 2474 Dissimulare
390 2418 478 2474 etiam
491 2417 621 2494 speriasti,
636 2418 756 2494 perfide,
771 2423 884 2473 tantum
1076 2419 1134 2472 305

146 2493 237 2551 Posse
252 2495 341 2569 nefas,
357 2495 518 2571 tacitusque
533 2495 600 2552 med
614 2496 756 2552 decedere
771 2493 867 2550 terrai?

147 2571 178 2628 N
179 2590 213 2629 ec
227 2580 256 2629 te
270 2579 367 2629 noster
381 2591 470 2644 amor,
484 2591 539 2629 nec
554 2580 582 2630 te
598 2573 664 2629 data
679 2574 799 2629 dextera
812 2571 967 2647 quondam,

147 2650 213 2707 Nec
227 2651 364 2708 moritura
376 2656 457 2707 tenet
470 2649 581 2716 crudeli
594 2648 695 2707 funere
708 2650 810 2705 Dido?

148 2729 228 2799 Quin
243 2730 329 2788 etiam
343 2729 465 2786 hiberno
480 2726 589 2784 moliris
603 2727 697 2784 sidere
712 2727 843 2800 classem,

146 2808 188 2866 Et
201 2808 304 2866 mediis
317 2826 455 2885 properas
468 2806 662 2884 Aquilonibus
677 2806 718 2863 ire
732 2825 785 2882 per
797 2805 896 2881 altum,
1076 2810 1134 2865 310

66 2958 68 2963 Ι
116 2887 305 2945 'Crudelisi
348 2886 449 2959 Quid?
477 2886 501 2943 si
515 2906 574 2944 non
589 2905 657 2943 arva
672 2885 767 2943 aliena
780 2884 937 2963 domosque

147 2964 263 3041 Ignotus
277 2976 401 3044 peteres,
416 2975 446 3025 et
459 2966 548 3043 Troja
562 2964 680 3040 antiqua
693 2971 830 3039 maneret,

146 3043 234 3122 Troja
247 3066 298 3123 per
311 3046 454 3104 undosum
468 3052 614 3122 peteretur
627 3042 766 3101 classibus
780 3045 898 3120 aequor?

119 3138 120 3142 ’
145 3120 237 3181 Mene
251 3125 347 3202 sugis?
369 3125 426 3182 Per
439 3143 493 3200 ego
507 3123 560 3181 bas
574 3122 714 3198 lacrymas
728 3123 915 3201 dextramque
929 3132 1019 3199 tuam,
1032 3117 1072 3199 te,

150 3199 290 3276 (Quando
306 3204 383 3261 aliud
397 3203 470 3261 mihi
480 3204 542 3280 jam
556 3201 668 3259 miserae
682 3200 754 3258 nihil
768 3200 831 3278 ipsa
843 3201 961 3280 reliqui)
1074 3205 1133 3259 315

146 3280 203 3337 Per
217 3281 362 3340 connubia
375 3290 483 3356 nostra,
497 3299 549 3357 per
562 3280 692 3357 inceptos
705 3280 881 3356 hymeneos,
1120 3302 1123 3307 ’

147 3359 178 3415 Si
193 3358 271 3418 bene
283 3361 352 3436 quid
366 3361 403 3418 de
416 3369 446 3418 te
459 3359 561 3434 merui,
575 3358 630 3417 fuit
643 3367 690 3418 aut
704 3359 755 3417 tibi
769 3361 927 3437 quidquam

145 3437 241 3496 Dulce
254 3458 362 3514 meum,
377 3439 513 3497 miserere
528 3437 630 3497 domris
643 3438 775 3516 labentis,
790 3447 820 3498 et
833 3439 929 3512 istam,

145 3514 214 3591 Oro,
230 3518 255 3574 si
269 3518 332 3594 quis
347 3518 442 3575 adhuc
455 3517 589 3594 precibus
601 3517 691 3594 locus,
706 3537 781 3576 exue
795 3525 934 3576 mentem.

145 3594 190 3653 Te
197 3604 320 3690 propter
334 3596 452 3674 Libycae
466 3605 566 3672 gentes
579 3596 804 3673 Nomadumque
818 3595 933 3672 tyranni
990 3616 993 3623 ·
1074 3597 1133 3673 ,3²⁰

144 3672 260 3749 Odere;
283 3675 388 3734 insensi
402 3675 502 3753 Tyrii:
525 3683 554 3734 te
567 3685 683 3754 propter
696 3676 832 3734 eumdem

143 3752 299 3814 Extinctus
312 3757 415 3834 pudor,
431 3764 468 3832 et,
484 3756 541 3833 qua
555 3755 615 3814 soli
629 3756 725 3814 sidera
739 3754 864 3827 adibam,

114 3863 117 3868 ·
141 3831 233 3892 Fama
245 3835 332 3913 prior:
374 3837 431 3898 Cui
444 3854 493 3896 me
506 3835 708 3895 moribundam
722 3831 841 3908 deseris,
855 3829 984 3907 hospes?
