2400 4178
508 184 627 240 umus
644 186 696 242 Ν.

112 316 145 387 sn
156 328 233 388 mihi
243 349 302 388 non
316 331 415 389 animo
426 331 520 390 fixum
530 334 739 413 immotumque
752 338 867 398 sederet

109 406 161 465 Ne
172 408 222 465 cui
234 428 283 466 rne
294 409 393 468 vinclo
401 411 512 468 sellem
524 413 634 469 sociare
644 415 747 492 jugali,

110 484 269 562 Postquam
278 488 389 565 primm
402 509 484 547 amor
494 490 648 567 deceptam
661 503 753 550 morte
767 493 887 567 fefellit;

110 563 144 620 Si
155 583 217 622 non
226 572 382 642 pertusum
395 567 514 625 thalami
525 569 670 646 taedasque
683 571 802 644 fuisset5

110 641 192 700 Huic
203 644 256 700 uni
268 643 364 701 forsan
376 647 458 721 potui
471 647 662 706 succumbere
673 649 776 726 culpae.

109 722 206 795 Anna,
219 721 331 778 fatebor
342 725 431 798 enim,
446 725 545 781 miseri
558 732 624 799 post
636 723 696 781 fata
709 726 825 800 Sychaei

108 798 260 875 Conjugis,
275 809 305 857 et
318 820 430 876 sparsos
443 801 566 858 fraterni
580 803 660 858 caede
674 801 809 878 Penates,

110 876 195 933 Solus
208 877 257 934 hic
270 877 384 935 inflexit
396 897 508 953 seusus,
523 879 710 954 animumque
724 880 870 940 labantem

109 953 239 1030 Impulit.
280 959 416 1030 Agnosco
430 956 535 1013 veteris
547 957 670 1030 vestigia
682 958 817 1015 flammae.

109 1034 168 1089 Sed
182 1033 255 1088 mihi
269 1033 315 1089 rel
329 1032 415 1090 tellus
429 1042 527 1109 optem
540 1031 620 1109 priris
633 1034 693 1091 ima
705 1035 846 1112 dehiscat,

108 1110 165 1167 Vel
180 1119 262 1186 pater
275 1112 458 1187 omnipotens
472 1111 568 1186 adigat
580 1131 628 1169 me
641 1112 762 1170 fulmine
776 1114 812 1171 ad
825 1113 952 1192 umbras,

107 1188 255 1246 Pallentes
269 1188 385 1245 umbras
399 1188 499 1263 Erebi,
513 1199 686 1267 noctemque
698 1192 881 1269 profundam,

107 1270 195 1340 Ante,
210 1265 319 1340 Pudor,
333 1264 421 1342 quim
436 1266 565 1341 teriolo,
580 1276 629 1326 aut
641 1276 690 1326 tua
698 1273 766 1347 jura
778 1271 900 1331 resolvo.

108 1345 164 1402 Ille
178 1363 267 1420 meos,
282 1345 393 1421 primus
406 1345 457 1422 qui
471 1363 519 1403 me
532 1345 587 1403 sibi
596 1347 704 1424 junxit,
719 1366 830 1407 amores

107 1423 254 1481 Abstulit:
275 1424 325 1481 ille
339 1423 446 1483 habeat
459 1442 568 1500 secum,
583 1434 736 1503 servetque
749 1426 890 1504 sepulcro.

108 1502 157 1558 Sic
171 1501 266 1577 effata,
281 1504 376 1561 sinum
389 1502 522 1580 lacrymis
536 1504 667 1581 implevit
681 1503 796 1563 obortis.

145 1581 232 1637 Anna
244 1581 349 1640 refert:
372 1582 398 1640 O
412 1583 478 1640 luce
492 1579 584 1657 magis
598 1583 704 1642 dilecta
716 1584 816 1660 sorori,

107 1656 215 1715 Solane
228 1661 368 1736 perpetua
381 1677 505 1718 moerens
519 1660 637 1736 carpere
647 1663 794 1740 juventi?

106 1734 137 1793 N
139 1754 172 1793 ec
186 1737 285 1794 dulces
298 1747 401 1811 natos;
421 1738 546 1796 Veneris
560 1757 615 1795 nec
628 1741 746 1816 praemia
759 1738 860 1799 ndris?

107 1811 142 1870 ld
155 1814 283 1873 cinerem
297 1825 347 1875 aut
359 1816 466 1874 Manes
480 1816 573 1873 credis
587 1835 687 1873 curare
701 1817 851 1895 sepultos?

106 1891 198 1950 Esto:
221 1913 326 1971 aegram
340 1893 414 1953 nulli
428 1895 573 1989 quondam
586 1892 695 1951 flexere
708 1895 821 1969 mariti;

104 1969 175 2029 Nou
189 1971 300 2050 Labyae,
315 1992 373 2031 non
389 1980 454 2031 autc
469 1973 568 2048 Tyro;
589 1973 742 2050 despectus
757 1972 865 2048 Iarbas,

105 2049 307 2128 Ductoresque
321 2051 370 2109 alii
384 2071 456 2128 quos
470 2051 568 2110 Africa
580 2059 655 2110 terra
667 2052 823 2130 triumphis

105 2127 197 2188 Dives
211 2130 279 2188 alit:
300 2129 445 2207 placitone
459 2131 546 2189 etiam
560 2129 702 2207 pugnabis
716 2130 830 2189 amori?

104 2207 136 2265 N
137 2226 171 2265 ec
186 2209 310 2267 venitin
324 2217 453 2267 mentem
467 2230 590 2285 quorum
605 2208 771 2268 consederis
785 2209 883 2269 arsis?

105 2285 184 2343 Hinc
199 2287 320 2345 Gaetulae
335 2288 431 2359 urbes,
445 2307 537 2363 genus
553 2288 748 2364 insuperabile
761 2287 848 2364 bello,

104 2362 146 2421 Et
158 2364 189 2422 N
191 2365 297 2422 umidae
311 2366 425 2423 infraeni
439 2367 569 2441 cingunt,
584 2375 613 2424 et
626 2366 771 2443 inhospita
785 2366 896 2443 Syrtis:

104 2440 184 2499 Hinc
199 2442 311 2500 deserta
325 2443 372 2501 siti
385 2443 474 2516 regio,
488 2441 604 2518 lateque
618 2442 746 2501 furentes

104 2518 226 2575 Barcaei.
269 2518 348 2588 Quid
362 2519 440 2576 bella
453 2520 531 2594 Tyro
546 2521 691 2594 surgentia
704 2521 808 2595 dicam,

105 2595 303 2670 Germanique
317 2595 410 2651 minas
425 2597 436 2650 ἓ
682 2647 683 2651 ,

104 2672 159 2731 Dis
174 2673 309 2749 equidem
323 2670 489 2749 auspicibus
504 2690 576 2746 reor,
592 2679 620 2728 et
632 2673 650 2729 J
652 2691 749 2730 unone
762 2671 899 2747 secundi,
1051 2674 1091 2730 45

104 2751 174 2810 Huc
188 2771 303 2810 cursum
317 2750 421 2810 Iliacas
435 2758 522 2808 vento
537 2750 664 2808 tenuisse
678 2749 798 2808 carinas.

105 2832 201 2902 Quam
216 2839 248 2889 tu
262 2830 374 2906 urbem,
389 2848 477 2906 soror,
491 2829 567 2886 hanc
581 2847 691 2904 cernes,
707 2846 772 2905 quae
787 2844 903 2904 surgere
917 2843 1015 2904 regna,

104 2911 250 2990 Conjugio
264 2910 332 2970 tali!
375 2907 520 2966 Teucuim
535 2907 739 2966 comitantibus
754 2906 849 2982 armis,

103 2990 216 3048 Punica
229 3008 260 3048 se
274 2989 388 3066 quantis
403 2988 513 3046 attollet
526 2987 616 3064 gloria
629 2987 734 3045 rebus!

104 3068 150 3126 Tu
165 3065 252 3127 modo
265 3087 353 3147 posce
368 3069 439 3126 deos
452 3066 568 3125 veniam
582 3086 589 3138 ;
612 3066 758 3141 sacrisque
771 3063 869 3140 litatis,
1052 3065 1091 3120 60

104 3146 228 3222 indulge
241 3148 377 3226 hospitio,
391 3164 551 3222 causasque
565 3145 679 3204 innecte
694 3144 842 3217 morandi3

104 3225 185 3283 Dum
198 3224 302 3303 pelago
316 3225 437 3284 desoevit
449 3226 554 3300 hiems,
569 3233 598 3283 et
611 3243 736 3300 aquosus
751 3222 851 3297 Orion,

106 3303 315 3380 Quassataeque
328 3312 412 3379 rates,
427 3305 497 3362 dum
512 3323 570 3361 non
585 3302 733 3362 tractabile
748 3301 862 3360 coelum.

105 3380 163 3438 His
177 3380 262 3438 dictis
275 3381 427 3439 incensum
442 3383 570 3440 animum
584 3378 773 3440 inflammavit
787 3394 893 3453 amore,

107 3459 255 3536 Spemque
268 3459 349 3517 dedit
362 3460 457 3518 dubie
471 3462 572 3537 menti,
587 3460 729 3536 solvitque
743 3458 892 3536 pudorem.
1052 3454 1090 3512 aa

144 3533 292 3614 Principio
306 3536 426 3596 delubra
439 3539 555 3615 adeunt,
569 3556 729 3617 pacemque
743 3554 796 3612 per
809 3552 871 3593 aras

106 3615 292 3692 Exquirunt:
314 3622 442 3675 mactant
453 3615 543 3676 lectas
557 3619 593 3676 de
607 3636 686 3677 more
699 3615 832 3673 bidentes

105 3694 247 3771 Legiferae
260 3694 373 3772 Cereri,
387 3694 568 3772 Phoeboque,
581 3697 712 3774 patrique
727 3694 835 3771 Lyaeo3
