2370 4176
113 186 155 271 aa.
346 233 349 237 .
468 187 748 243 uuoonroonuu

115 335 221 394 Vestra
234 354 316 394 meos
330 337 398 394 olim
414 337 438 394 si
453 336 548 395 fistula
562 338 640 396 dicat
653 342 781 396 amores!

114 416 211 492 Atque
227 417 338 473 utinam
350 435 387 473 ex
400 415 484 473 vobis
498 436 583 491 unus,
597 417 745 493 vestrique
759 417 879 476 fuissem

113 496 175 552 Aut
188 502 285 552 custos
299 494 403 570 gregis,
418 502 468 551 aut
481 503 601 552 mature
615 495 720 553 vinitor
732 499 815 553 nvael

115 571 213 648 Certe,
228 573 289 631 sive
304 573 376 630 mihi
389 572 512 650 Phyllis,
528 573 590 631 sive
604 581 683 631 esset
697 575 849 652 Amyntas,

116 652 175 709 Seu
190 651 368 728 quicumque
381 651 465 710 furor
475 649 559 728 (quid
572 660 645 727 tum,
667 653 691 710 si
705 653 804 711 fuscus
817 656 982 731 Amyntas?

115 731 156 787 Et
168 731 257 805 nigrae
271 731 356 788 viotae
371 738 448 806 sunt,
464 738 493 787 et
502 731 635 789 vaccinia
648 731 757 810 nigra),

114 810 236 867 Mecum
251 809 326 866 inter
339 810 443 868 salices
457 810 536 866 lente
549 809 602 867 sub
616 809 675 868 vite
686 813 814 888 jaceret:

114 889 197 945 Serta
210 887 282 945 mihi
296 888 408 965 Phyllis
422 889 541 965 legeret,
555 897 684 947 cantaret
696 891 849 967 Amyntas.

113 965 172 1025 Hic
187 966 275 1042 gelidi
289 966 392 1042 fontes,
407 966 456 1025 hic
471 968 569 1026 mollia
581 976 671 1044 prata,
686 969 810 1044 Lycori;

112 1044 172 1103 Hic
187 1065 309 1103 nemus:
331 1045 381 1104 hic
396 1047 460 1123 ipso
474 1054 571 1104 tecum
586 1066 771 1105 consumerer
785 1067 857 1105 aevo.

103 1198 104 1202 Ἰ
152 1125 184 1183 N
185 1144 242 1183 unc
257 1125 376 1183 insanus
391 1145 471 1183 amor
481 1126 544 1182 duri
558 1133 586 1183 te
601 1126 705 1184 Martis
715 1127 746 1183 in
760 1127 847 1184 armis

18 1236 24 1249 ι
112 1203 187 1261 Tela
199 1205 275 1261 inter
289 1205 395 1277 media,
411 1213 498 1281 atque
513 1205 648 1262 adversos
663 1205 774 1263 detinet
786 1205 904 1263 hostes:

111 1284 159 1341 Tu
173 1283 307 1360 procul-a
319 1284 411 1359 patrii
430 1282 501 1360 (nee
516 1284 553 1342 sit
567 1284 640 1342 mihi
654 1285 773 1342 credere
787 1293 899 1344 tantum
909 1283 933 1362 l)

109 1362 243 1439 Alpinas,
259 1361 295 1419 ah
310 1362 396 1420 dura!
419 1363 502 1420 nives
516 1372 545 1421 et
557 1363 662 1438 frigora
675 1362 775 1420 Rheni

110 1441 164 1498 Me
178 1441 241 1499 sine
255 1440 317 1500 sola
330 1442 421 1499 vides.
457 1442 529 1500 -Ahr
545 1450 574 1498 te
587 1460 625 1498 ne
636 1440 740 1516 frigora
753 1441 876 1499 laedant!

109 1520 176 1592 Ah!
199 1519 300 1579 tibine
314 1529 427 1578 teneras
441 1517 549 1594 glacies
563 1527 644 1587 secet
657 1538 760 1595 aspera
773 1519 905 1597 plantas!
955 1519 957 1524 '

150 1599 212 1672 Ibo,
228 1606 266 1674 et,
281 1595 460 1656 Chalcidico
470 1618 535 1674 quae
550 1607 617 1656 sunt
630 1597 702 1656 mihi
716 1598 832 1656 condita
851 1616 937 1656 versu
988 1606 990 1610 ’

109 1677 255 1752 Carmina,
270 1678 392 1753 pastoris
408 1677 499 1735 Siculi
513 1676 683 1735 modulabor
697 1678 797 1735 aveni.

110 1757 230 1814 Certum
245 1757 331 1814 estin
347 1757 436 1832 silvis,
450 1757 525 1814 inter
538 1757 646 1833 spelaea
659 1757 793 1831 ferarum,

109 1834 201 1894 Malle
215 1837 285 1912 pati,
301 1837 466 1912 tenerisque
481 1856 562 1894 meos
576 1836 704 1894 incidere
719 1853 830 1892 amores

108 1914 285 1973 Arboribus:
308 1924 441 1973 crescent
454 1916 531 1988 illae3
554 1915 700 1989 crescetiS,
716 1933 836 1971 amores.

18 1991 23 1996 ’
109 1993 224 2062 Interea
237 1994 335 2052 mixtis
349 1994 475 2053 lustrabo
490 1995 619 2052 Maenala
632 1992 790 2069 Nymphis,
831 2056 836 2065 ¹

107 2072 169 2131 Aut
183 2092 264 2130 aeres
277 2073 405 2130 venabor
419 2093 520 2149 apros3
542 2092 600 2129 non
615 2091 663 2128 me
677 2072 737 2129 ulla
750 2069 889 2129 vetabunt
910 2128 911 2131 ,

108 2151 229 2227 Frigora
242 2151 414 2210 Parthenios
428 2151 549 2209 canibus
564 2151 745 2208 circumdare
758 2149 864 2224 saltus:

107 2229 125 2287 J
127 2249 174 2286 am
189 2230 261 2287 mihi
274 2249 329 2306 per
341 2250 429 2306 rupes
442 2230 543 2287 videor
556 2229 696 2306 lucosque
711 2236 848 2286 sonantes
946 2294 950 2301 ¹

109 2308 172 2383 Ire,
194 2308 266 2367 libet
278 2308 386 2366 Partho
400 2317 532 2385 torquere
547 2308 680 2384 Cydonia
693 2326 784 2365 cornu

110 2387 246 2464 Spicula:
269 2396 406 2465 tanquam
420 2387 485 2445 haec
500 2387 558 2446 sint
571 2387 660 2444 nostri
674 2386 820 2443 medicina
833 2384 945 2461 furoris,
995 2398 998 2404 ‘

108 2468 169 2525 Aut
180 2468 251 2524 deus
265 2467 314 2524 ille
329 2467 412 2524 malis
426 2466 580 2524 hominum
594 2466 748 2523 mitescere
764 2466 872 2523 discat!
994 2528 996 2534 ,

107 2545 171 2602 Jam
186 2565 282 2621 neque
294 2546 515 2621 Hamadryades
528 2564 640 2603 rursum
654 2564 710 2603 nec
725 2544 854 2602 carmina
866 2541 961 2616 nobis
1011 2553 1016 2561 '
1115 2602 1120 2609 ,

108 2623 178 2699 Ipsa
190 2625 324 2700 placent3
346 2624 428 2702 ipsae,
440 2644 552 2682 rursum
567 2624 730 2699 concedite,
745 2622 845 2681 silvae:
864 2656 866 2660 Α
930 2680 934 2687 ,
976 2623 991 2681 f.
1012 2634 1018 2698 J

108 2702 177 2760 Non
191 2703 273 2760 illum
288 2705 377 2761 nostri
390 2712 512 2781 possunt
526 2712 636 2762 mutare
650 2703 781 2772 labores3
930 2712 932 2716 ’

107 2782 139 2841 N
140 2801 174 2839 ec
187 2783 211 2839 si
224 2782 376 2858 frigoribus
390 2784 494 2841 mediis
508 2783 701 2857 Hebrumque
715 2781 859 2856 bibamus,

110 2860 312 2936 Sithoniasque
326 2863 408 2919 nives
421 2861 527 2918 hiemis
541 2860 695 2917 subeamus
710 2876 842 2934 aquosae3

107 2939 174 2996 Nec
189 2940 223 3013 si,
238 2946 327 3014 quum
341 2939 467 2996 moriens
482 2939 539 2995 alta
552 2938 626 2995 liber
639 2937 742 2994 aretin
756 2935 846 3010 ulmo,
896 2998 897 3001 Ἴ
926 2941 928 2946 ’

24 3050 26 3052 -
54 3049 56 3054 -
107 3017 282 3093 AEthiopum
295 3035 443 3074 versemus
457 3035 526 3074 oves
541 3015 594 3072 sub
609 3016 703 3072 sidere
717 3013 833 3072 Cancri.

108 3095 215 3154 Omnia
228 3095 320 3152 vincit
333 3097 441 3166 Amor,
464 3103 494 3152 et
506 3113 559 3151 nos
574 3095 711 3151 cedamus
724 3092 835 3150 Amori.
938 3127 941 3133 -

147 3173 222 3231 Haec
238 3182 282 3231 sat
295 3173 357 3247 erit,
372 3173 457 3247 divae,
471 3180 599 3230 vestmm
614 3172 757 3242 cecinisse
770 3173 897 3246 poetam,

106 3252 187 3309 Dum
202 3252 293 3326 sedet,
308 3259 338 3309 et
351 3251 450 3326 gracili
464 3250 603 3308 fiscellam
617 3250 691 3309 texit
704 3249 826 3322 hibisco,

107 3330 256 3388 Pierides:
277 3349 330 3388 vos
343 3329 408 3386 haec
422 3329 535 3387 facietis
548 3329 674 3386 maxima
689 3327 804 3400 Gallo,
819 3387 822 3391 ,

109 3409 203 3484 Gallo,
219 3411 303 3487 cujus
318 3416 398 3466 amor
410 3405 523 3466 tantiam
538 3407 610 3464 mihi
625 3406 730 3465 crescit
743 3407 773 3463 in
787 3406 882 3480 horas,
899 3450 902 3453 -

109 3485 261 3557 Quantum
276 3506 344 3546 vere
354 3505 430 3544 novo
444 3487 542 3544 viridis
557 3504 588 3543 se
603 3485 721 3565 subjicit
734 3485 826 3549 alnus.

148 3567 324 3641 Surgamus:
346 3566 420 3624 solet
433 3584 497 3624 esse
511 3564 603 3640 gravis
618 3563 800 3622 cantantibus
813 3561 932 3636 umbra;
996 3575 1000 3581 '

106 3644 238 3721 Juniperi
252 3645 346 3720 gravis
360 3644 480 3703 umbra:
503 3645 612 3701 no'cent
625 3651 654 3700 et
666 3642 796 3717 frugibus
809 3640 928 3700 umbrae.
959 3649 963 3656 “
1016 3660 1024 3707 ἡ
1067 3657 1092 3677 ’-

108 3723 152 3781 lte
167 3724 287 3782 domum
302 3729 416 3800 saturae,
430 3723 512 3781 venit
525 3722 686 3798 Hesperus,
700 3723 750 3798 ite,
765 3721 897 3800 capellae.
