2400 4178
112 188 166 253 213
510 192 693 253 AENEIDOS

111 349 163 404 'i'n
177 370 185 397 r
200 345 297 404 imbris
312 344 375 403 torti
389 344 492 419 radios,
507 355 564 403 tres
577 345 662 403 uubis
675 364 791 422 squosae

112 427 299 499 Addiderunt,
314 424 391 481 rutili
404 432 460 480 tres
474 424 549 497 iguis
563 433 593 483 et
606 424 680 483 alitis
694 425 790 483 austri.

111 504 251 579 Fulgores
265 520 343 560 nunc
356 500 503 575 terrificos,
518 503 711 579 sonitumque,
726 512 904 580 metumque,

112 580 275 640 Miscebeut
289 580 378 657 operi,
392 579 571 656 flammisque
586 582 759 657 sequacibus
772 582 836 639 iras.

112 662 196 718 Parte
211 661 266 717 alisi
280 660 369 717 Marti
382 678 554 736 currumque
568 668 702 735 rotasque
716 660 847 719 volucres

111 736 268 813 instabant,
283 737 387 873 quibus
400 737 450 795 ille
463 738 549 811 viros,
564 737 667 813 quibus
682 740 789 799 excitat
801 738 908 797 urb:

111 817 275 891 AEgidaque
310 816 467 891 orriferam,
481 815 600 873 turbatae
615 816 842 892 Palladiorum,

110 895 248 952 Certatim
262 895 389 971 squamis
403 894 568 971 serpentium
583 913 709 971 auroque
723 894 861 972 polibant,

109 974 324 1049 Couucxosque
339 991 457 1047 angues,
473 973 621 1049 ipsamque
635 974 664 1031 in
678 983 795 1051 pectore
809 974 883 1033 dive

110 1054 254 1125 Gorgone,
263 1052 385 1113 ‚desecto
399 1061 559 1110 vertentem
573 1052 682 1109 lumina
695 1052 780 1109 collo.
856 1092 862 1103 .

109 1130 136 1187 T
137 1129 216 1187 ollite
230 1139 342 1204 cuncta,
357 1131 459 1205 inquit,
473 1138 638 1207 coeptosque
653 1130 762 1188 auferte
776 1130 898 1206 labores,

109 1208 217 1266 AEtuaei
231 1208 385 1299 Cyclopes,
399 1217 428 1266 et
442 1208 498 1265 huc
514 1209 651 1266 advertite
667 1218 803 1267 mentem.
880 1202 885 1209 ’

109 1289 198 1344 Arma
211 1306 267 1345 aen
282 1286 413 1344 facienda
425 1287 505 1344 viro:
527 1306 605 1345 nunc
618 1287 727 1345 uiribus
741 1307 821 1363 usus,

108 1364 140 1424 N
142 1385 197 1423 uuc
212 1365 345 1423 monibus
359 1366 475 1442 rapidis,
489 1366 568 1423 omni
582 1384 659 1423 nunc
674 1375 733 1424 arte
747 1365 900 1441 magistri:

108 1443 292 1521 Praecipitate
306 1463 408 1501 mores.
449 1444 516 1502 Nec
530 1444 614 1520 plura
627 1444 748 1503 effatus:
770 1454 800 1503 et
811 1444 856 1502 ilii

109 1521 200 1582 Ociirs
214 1521 374 1581 incubuere
388 1542 499 1598 ornnes,
514 1524 674 1599 pariterque
688 1522 816 1581 laborem

110 1602 224 1659 Sortiti:
245 1601 309 1659 fluit
323 1620 361 1658 tes
375 1601 452 1675 rivis,
468 1600 586 1677 aurique
600 1601 748 1659 metallum
760 1621 768 1675 ;

108 1679 329 1756 vulnificusque
343 1678 464 1755 chalybs
476 1681 558 1737 vastt
572 1678 688 1738 fornace
701 1678 843 1756 liquescit.

110 1758 260 1833 lugentem
274 1759 408 1835 clypeum
422 1758 584 1834 informant,
598 1778 690 1817 unum
705 1759 802 1817 omnia
814 1766 915 1817 contra

108 1836 181 1893 Teis
195 1838 381 1909 Latinorum3
403 1846 596 1914 septenosque
609 1837 726 1896 orbibus
739 1837 823 1896 orbes

109 1914 292 1992 impediunt:
316 1916 364 1973 alii
377 1917 505 1975 ventosis
518 1916 634 1976 follibus
648 1936 731 1975 auras

108 1995 264 2071 Accipiunt
277 1995 476 2071 redduntque;
498 1996 546 2052 alii
560 1995 709 2053 stridentia
722 1996 836 2070 tingunt
875 2032 879 2037 -

108 2073 180 2130 AErs
194 2073 276 2131 lacu:
297 2073 387 2150 gemit
400 2072 707 2149 impositisincudibus
721 2082 842 2131 annum.

109 2151 155 2208 Ilii
169 2152 242 2210 inter
255 2170 320 2211 sese
333 2152 423 2209 multia
436 2152 465 2208 vi
479 2152 596 2210 brachia
609 2150 714 2209 tollunt

109 2229 142 2286 ln
158 2250 318 2305 numerum,
333 2239 504 2305 versantque
518 2231 614 2288 tenaci
627 2230 734 2307 forcipe
748 2248 883 2287 massam.

148 2309 221 2366 Hoec
234 2317 315 2386 pater
327 2307 434 2373 AEoliis
447 2317 580 2386 properat
594 2310 662 2367 dum
677 2309 817 2367 Lemnius
831 2308 914 2384 oris„

107 2387 275 2445 Euandrum
290 2406 328 2445 ex
340 2386 443 2445 humili
457 2396 534 2446 tecto
548 2388 600 2446 lux
614 2388 733 2447 suscitat
745 2386 829 2462 elme,
911 2442 917 2453 ,

108 2464 148 2523 Et
162 2467 293 2524 matutini
306 2465 456 2525 volucrum
470 2467 523 2526 sub
538 2468 664 2526 culmine
678 2477 786 2525 cantus.

107 2543 263 2621 Consurgit
276 2545 380 2622 senior,
396 2546 551 2624 tunicaque
565 2547 711 2605 inducitur
724 2554 809 2619 artus,

107 2623 148 2682 Et
162 2623 313 2700 Tyrrhena
325 2626 433 2703 pedum
447 2626 607 2685 circumdat
619 2625 736 2686 vincula
749 2622 864 2702 plantis.
926 2694 930 2699 Ι

106 2702 184 2760 Tum
198 2702 279 2762 lateri
293 2712 377 2781 etque
391 2705 519 2764 humeris
533 2706 692 2783 Tegeaeum
706 2704 830 2780 subligat
842 2720 955 2779 ensem,

106 2779 242 2841 Demisse
256 2781 291 2840 ab
305 2783 380 2841 laevt
393 2784 542 2860 pantherae
556 2793 637 2861 terga
650 2794 825 2860 retorquens.

106 2858 137 2918 N
139 2879 172 2917 ec
186 2881 243 2918 non
259 2869 289 2919 et
301 2862 410 2937 gemini
424 2863 559 2921 custodes
572 2862 672 2920 limine
687 2860 722 2919 ab
737 2861 794 2920 alto

106 2936 288 3013 Preceduut,
303 2957 491 3015 gressumque
505 2958 591 2997 canes
605 2941 778 2998 comitantur
790 2937 924 2997 herilem.

2 3044 4 3049 ·
106 3016 237 3092 Hospitis
251 3016 355 3074 AEneae
370 3018 469 3075 sedem
483 3025 513 3075 et
525 3027 635 3076 secrete
647 3018 772 3096 petebat,

107 3093 278 3151 Sermonum
293 3113 403 3165 mempr
416 3103 446 3153 et
457 3096 591 3172 promissi
605 3097 741 3172 muneris,
755 3097 850 3155 heros.

105 3171 136 3228 N
138 3191 171 3229 ec
185 3169 280 3231 miniis
294 3172 405 3230 AEneas
419 3192 450 3230 se
464 3174 622 3232 matutinus
636 3175 747 3250 agebat.

105 3249 199 3308 Filius
212 3251 281 3308 huic
294 3250 400 3324 Pallas,
414 3250 457 3308 ilii
470 3270 567 3309 comes
580 3252 640 3309 ibat
653 3254 789 3311 Achates.

106 3328 261 3404 Congressi
270 3331 398 3407 jungunt
411 3329 535 3403 desnos,
549 3330 710 3405 mediisque
725 3333 856 3391 residunt
956 3385 962 3397 ,

106 3406 238 3483 AEdibus‚
253 3416 282 3465 et
294 3407 372 3466 licito
386 3409 648 3466 tandem-sermone
661 3408 801 3469 fruuntur.

105 3483 172 3542 Rex
185 3486 262 3562 prior
274 3486 355 3545 hec:
913 3552 916 3556 ,

104 3562 236 3621 Maxime
251 3564 428 3623 Teucrorum
442 3564 551 3638 ductor,
567 3583 624 3639 quo
638 3567 745 3643 sospite
758 3586 908 3646 nunquam

103 3639 165 3697 Res
180 3642 315 3717 equidem
330 3644 427 3721 Trojoe
440 3644 530 3701 victus
544 3651 593 3701 aut
607 3661 695 3720 regna
707 3646 826 3723 fatebor,

99 3717 198 3777 Nobis
212 3720 248 3777 ad
261 3720 330 3779 belli
345 3722 484 3780 auxilium
497 3739 548 3797 pro
562 3722 679 3781 nornine
693 3731 771 3782 tanto
