2400 4178
505 193 619 249 maun
638 194 673 249 x.
1028 190 1085 251 sta
1121 156 1125 175 ¹

106 342 203 414 Quam
218 342 329 401 medius
343 341 485 402 Rhoeteus
498 342 651 421 intercipit,
666 342 773 422 optime
787 341 924 419 Teuthra,
959 386 962 397 ι
1034 380 1038 389 ·

107 421 151 479 Te
165 421 278 498 fugiens
291 420 462 498 fratremque
476 420 593 498 Tyren3
615 441 755 500 curruque
767 420 882 481 volutus
1071 418 1073 423 ’

107 500 202 558 Caedit
215 500 390 558 semianimis
404 500 579 559 Rutulorum
593 500 720 559 calcibus
734 520 807 559 arva.
821 502 824 509 '
886 501 889 507 '

107 580 151 636 Ac
164 578 245 636 velut
258 576 354 656 optati)
368 579 462 638 ventis
476 587 574 638 aesmtc
588 580 691 638 coortis

106 657 245 734 Dispersa
258 657 385 719 immittit
397 658 476 716 silvis
489 656 623 716 incendia
635 665 749 734 pastor;

108 735 254 814 Correptio
268 733 363 796 subiti>
377 737 489 812 mediis,
504 737 667 815 extenditur
680 737 739 795 und

107 814 232 872 Horrida
243 833 295 892 per
307 814 380 874 latas
394 817 469 874 acies
483 815 627 873 Vulcania
640 833 775 893 campos:

107 893 160 951 Ille
175 895 278 952 sedens
291 895 381 953 victor
394 894 524 953 flammas
538 895 685 970 despectat
697 890 824 953 ovantes.

104 972 137 1033 N
138 992 175 1029 on
190 973 271 1031 aliter
284 973 394 1031 socidm
407 975 497 1031 virtus
511 972 568 1030 coit
581 972 674 1030 omnis
687 973 717 1029 in
731 990 831 1046 unum,

107 1050 209 1128 Teque
220 1055 312 1131 juvat,
327 1051 417 1109 Palla
461 1052 519 1109 Sed
532 1050 615 1108 bellis
630 1070 695 1109 acer
708 1049 834 1108 Halesus
935 1115 938 1119 ,

106 1129 214 1188 Tendit
226 1131 256 1188 in
271 1130 414 1205 adversos,
428 1149 516 1207 seque
530 1129 559 1186 in
574 1149 626 1187 sua
640 1129 749 1205 colligit
762 1147 847 1186 mma.

106 1209 165 1266 Hic
178 1216 284 1266 mactat
296 1206 425 1284 Ladona,
439 1209 629 1284 Pheretaque,
644 1209 922 1284 Demodocumque:

108 1286 271 1364 Strymonio
285 1287 414 1344 dextram
427 1287 548 1364 fulgenti
562 1287 665 1364 deripit
678 1305 748 1345 ense

51 1430 54 1446 .
106 1366 220 1424 Elatum
234 1366 264 1424 in
273 1366 408 1458 jugulum
420 1386 427 1440 3
450 1386 520 1426 saxo
533 1366 599 1424 ferit
612 1384 661 1423 ora
674 1364 825 1442 Thoantis,

106 1444 237 1522 Ossaque
251 1446 384 1523 dispersit
397 1447 513 1504 cerebro
527 1445 669 1522 permixta
682 1451 808 1504 cruento.

106 1524 179 1583 Fata
192 1542 298 1582 canens
313 1525 391 1584 silvis
406 1527 521 1602 genitor·
530 1525 636 1583 celdrat
649 1523 808 1595 Halesum:

72 1602 75 1608 ’
106 1603 149 1662 Ut
162 1603 326 1662 senior·leto
341 1605 473 1663 canentia
486 1604 595 1663 lumina
608 1603 701 1680 solvit,

107 1680 238 1760 Injecdre
252 1701 370 1740 manum
383 1683 491 1758 Parcae,
505 1683 627 1760 telisque
642 1683 791 1742 sacrbrunt

107 1760 255 1834 Evandri3
276 1780 362 1838 quem
373 1763 414 1821 sic
428 1761 524 1820 Pallas
537 1763 618 1839 petit,
634 1763 699 1820 ante
714 1767 866 1839 precatus:

107 1840 155 1896 Da
167 1857 254 1915 nunc,
269 1839 360 1916 Tybri
371 1848 461 1919 pater,
476 1840 559 1916 ferro,
574 1840 650 1918 quod
664 1840 773 1898 missile
786 1838 869 1916 libro,

106 1918 265 1976 Fortunam
279 1926 365 1994 atque
379 1920 456 1978 viam
470 1920 533 1977 duri
546 1938 599 1996 per
610 1926 712 1996 pectus
727 1918 847 1977 Halesi:

107 1997 182 2056 Haec
197 2017 274 2056 arma
287 1997 465 2077 exuviasque
479 1999 533 2057 viri
547 2007 597 2057 tua
610 2017 732 2074 quercus
745 1996 872 2056 habebit.

51 2102 54 2107 ·
106 2078 207 2136 Audiit
220 2076 269 2135 illa
282 2077 372 2136 deus:
394 2079 462 2137 dum
476 2077 549 2138 texit
563 2077 682 2136 Imaona
695 2077 830 2153 Halesus,

106 2157 230 2215 Arcadio
244 2157 346 2217 infelix
359 2157 417 2217 telo
431 2157 480 2217 dat
492 2165 593 2235 pectus
606 2157 757 2216 inermum.

145 2237 186 2296 At
198 2255 256 2294 non
269 2236 350 2297 caede
363 2237 416 2296 viri
429 2239 509 2297 tantia
521 2236 668 2314 perterrita
681 2239 804 2312 Lausus,

107 2315 177 2373 Pars
190 2315 292 2390 ingens
306 2315 384 2392 belli,
399 2317 467 2385 sinit
480 2315 602 2392 agmina.
643 2315 759 2389 Primus
773 2314 917 2374 Abantem

109 2393 280 2470 Oppositum
292 2393 439 2471 interimit,
453 2414 558 2472 pugnae
573 2395 737 2471 nodumque
750 2410 927 2469 moramque.

110 2472 250 2529 Sternitur
263 2472 395 2530 Arcadiae
408 2474 502 2551 proles
513 2493 521 2545 ;
543 2480 705 2531 sternuntur
718 2471 853 2544 Etrusci;

108 2549 150 2609 Et
162 2569 223 2625 vos,
237 2569 255 2607 o
270 2549 364 2607 Graiis
377 2550 529 2627 imperdita
542 2569 668 2626 corpora,
683 2549 798 2608 Teucri.

108 2627 234 2704 Agmina
247 2635 420 2686 concurrunt
433 2627 611 2703 ducibusque
625 2635 654 2686 et
666 2627 775 2685 viribus
789 2627 898 2704 aequis:
986 2682 989 2687 ,
1080 2698 1082 2710 Ϋ

109 2706 241 2765 Extremi
255 2705 415 2764 addensent
428 2706 524 2779 acias;
545 2724 600 2764 nec
613 2705 696 2764 turba
710 2705 819 2767 moveri

108 2786 183 2844 Tela
196 2803 355 2861 manusque
369 2785 444 2844 sinit.
486 2784 565 2842 Hinc
579 2783 674 2842 Pallas
687 2784 776 2842 instat
788 2791 818 2842 et
829 2789 920 2860 urget,

109 2865 187 2924 Hinc
202 2861 301 2925 contra
315 2865 438 2940 Lausus,
453 2883 507 2923 nec
521 2860 642 2922 multirm
656 2863 799 2939 discrepat
811 2870 891 2938 atas,

108 2943 228 3022 Egregii
241 2943 349 3017 farmt;
371 2943 423 3002 sed
437 2943 517 3020 queis
531 2942 644 3001 fortuna
656 2941 782 3018 negdrat.

109 3023 144 3082 ln
157 3024 278 3102 patriam
292 3022 408 3082 reditus.
453 3023 535 3100 lpsos
549 3040 718 3080 concurrere
731 3040 833 3099 passus

109 3104 197 3162 Haud
210 3111 307 3162 tamen
322 3102 397 3161 inter
410 3120 442 3160 se
455 3100 552 3178 magni
565 3108 697 3177 regnatur
712 3099 850 3179 Olympi:

110 3182 184 3240 Mox
197 3182 261 3241 illos
275 3201 327 3241 sua
339 3181 397 3242 fata
410 3188 528 3240 manent
541 3182 650 3258 majore
663 3177 717 3238 sub
730 3179 823 3239 hoste.

149 3259 263 3319 Interea
276 3278 354 3319 soror
367 3259 442 3319 alma
454 3269 554 3319 monet
566 3277 731 3318 succurrere
744 3259 840 3318 Lauso

111 3338 254 3413 Turnum,
269 3338 318 3414 qui
330 3338 441 3397 volucri
454 3358 538 3398 curru
551 3337 680 3397 medium
693 3345 772 3398 secat
784 3355 896 3416 agmen.

110 3417 153 3478 Ut
165 3417 238 3475 vidit
250 3416 362 3476 socios:
385 3416 516 3494 Tempus
529 3417 666 3476 desistere
679 3435 784 3493 pugnae
796 3437 803 3474 :

112 3496 197 3554 Solus
210 3514 264 3572 ego
274 3494 306 3552 in
319 3493 451 3554 Pallanta
462 3495 555 3568 feror:
576 3495 630 3555 sali
643 3494 715 3555 mibi
728 3494 824 3554 Pallas

111 3574 260 3633 Debetur:
283 3590 420 3650 cuperem
434 3572 496 3650 ipse
508 3593 611 3651 parens
625 3582 768 3652 spectator
781 3573 902 3632 adesset.

110 3653 186 3713 Hac
200 3652 257 3726 ait;
279 3659 310 3711 et
321 3651 392 3712 socii
405 3660 554 3711 cesserunt
567 3671 680 3732 aequora
689 3654 781 3731 jusso.

110 3737 151 3793 At
163 3730 306 3792 Rutulirm
320 3728 454 3797 abscessu
464 3731 591 3811 juvenis,
605 3741 667 3792 turn
676 3733 759 3812 jussa
771 3727 895 3810 superba
