2400 4178
550 160 725 288 ma

150 350 285 414 Occurrit
296 350 392 427 tellus,
406 348 641 427 orda-undique
653 358 684 410 et
696 343 825 428 undique
837 342 964 426 coelum3

151 431 211 491 Olli
224 430 365 490 ceruleus
378 448 464 507 supra
477 437 564 506 caput
576 429 686 490 adstitit
697 429 800 505 imber,

143 510 183 573 ,Ν
183 516 278 568 octem
291 508 476 586 hiememque
488 508 603 583 ferenr;
626 508 809 568 etiulrorruit
821 510 900 568 unda
912 507 1048 570 tenebris.

151 587 221 664 Ipse
234 587 407 664 gubernator
418 587 509 665 puppi
522 587 675 646 Palinurus
689 586 725 645 ab
740 587 815 646 altri:

151 666 239 724 Heu!
261 666 396 744 quianam
409 666 481 726 tanti
494 665 647 725 cinxerunt
658 666 769 724 aethera
782 667 896 725 nimbi?

152 744 279 821 Quidve,
293 753 374 824 pater
387 744 537 824 Neptune,
549 747 655 822 paras?
697 745 746 804 Sic
761 745 867 805 deinde
880 745 1003 824 locutus,

151 823 298 901 Colligere
312 843 389 883 arma
398 824 492 903 iubet,
506 824 668 900 validisque
681 821 849 885 incumbere
863 826 969 900 remis;
1022 892 1024 895 ,

151 902 346 981 Obliquatque
360 903 439 961 sinus
453 903 484 963 in
497 910 626 976 ventum,
641 921 675 960 ac
688 903 756 960 talia
768 903 862 962 satur:

150 981 341 1057 Magnanime
355 982 462 1056 AEnea,
476 999 545 1055 non,
560 981 585 1037 si
595 980 671 1037 mihi
683 981 798 1058 Jupiter
811 993 911 1040 auctor

153 1059 309 1136 Spondeat,
323 1059 507 1145 hocssperem
523 1058 635 1117 ltaliam
650 1060 816 1136 contingere
830 1059 912 1123 eoelo.

107 1154 114 1171 ⁸
133 1206 135 1213 Ι
151 1137 259 1196 Mutati
273 1146 435 1207 transversa
446 1137 581 1212 fremunt,
597 1146 626 1196 et
638 1155 759 1214 vespere
774 1137 810 1197 ab
824 1145 885 1198 atro

153 1215 339 1291 Consurgunt
351 1212 441 1292 venti,
456 1225 541 1292 atque
554 1209 585 1273 in
598 1215 706 1274 nubam
720 1215 831 1292 cogitur
844 1221 903 1291 abr.

134 1318 137 1324 ·
153 1295 221 1356 Nee
234 1314 287 1352 nos
301 1294 392 1352 obniti
406 1291 515 1370 count,
529 1312 584 1352 nec
597 1295 717 1352 tendere
730 1292 852 1371 tantirm,

155 1373 319 1432 Sufficimus
333 1393 339 1430 :
361 1381 476 1450 superat
489 1373 625 1448 quoniam
638 1373 760 1448 fortuna,
775 1393 949 1451 sequamur,

155 1449 281 1530 Quoque
293 1460 378 1511 vocat
390 1460 536 1512 vertamus
550 1452 613 1510 iter.
653 1451 685 1509 N
687 1471 720 1510 ec
733 1452 828 1510 littora
841 1451 928 1530 longd

154 1531 229 1589 Fida
241 1551 305 1589 reor
318 1530 442 1590 fraterno
455 1531 569 1608 Erycis,
582 1539 741 1608 portusque
756 1531 885 1609 Sicanos,

156 1611 187 1668 Si
201 1607 287 1668 modd
301 1606 354 1667 rite
370 1625 480 1669 memor
493 1617 605 1668 servata
617 1611 753 1669 remetior
765 1618 848 1671 astra

154 1689 232 1747 Tum
245 1687 311 1765 pius
325 1688 455 1750 AEneas:
477 1687 624 1764 Equidem
638 1689 680 1746 sic
693 1709 812 1766 poscere
826 1699 928 1748 ventos

76 1777 79 1782 ’
153 1767 340 1841 Jamdudum,
355 1773 385 1824 et
396 1765 499 1826 frustra
511 1783 598 1823 cerno
612 1773 641 1824 te
654 1769 773 1825 tendere
787 1766 894 1826 contri.

155 1845 257 1904 Flecte
270 1845 347 1903 viam
361 1843 443 1902 velis.
485 1846 534 1902 An
547 1843 585 1902 sit
597 1843 670 1901 mihi
684 1845 788 1920 gratior
801 1845 871 1924 ulla,

155 1921 263 1995 Quove
277 1920 369 1999 magis
382 1922 472 1983 fessas
482 1931 583 2000 optem
593 1923 747 1982 ¹demittere
760 1942 859 2000 naves,
898 1950 900 1957 ,

155 2000 255 2075 Quini
269 2020 334 2081 quae
348 2001 528 2061 Dardanium
541 2000 627 2060 tellus
641 2001 714 2059 mibi
728 2011 823 2061 servat
835 2005 973 2079 Acesten,
1045 2071 1049 2077 ,
1118 1999 1142 2009 ’“

155 2083 197 2145 Et
207 2083 296 2159 patris
310 2081 448 2139 Anchisae
463 2081 572 2158 gremio
587 2081 789 2158 complectitur
802 2085 889 2140 ossa?

154 2161 230 2220 Haec
243 2160 296 2218 ubi
309 2160 394 2235 dicta,
408 2168 511 2238 petunt
523 2167 631 2238 portus,
646 2169 676 2219 et
688 2161 754 2219 vela
767 2162 888 2220 secundi

155 2240 314 2298 Intendunt
327 2238 476 2316 Zephyri:
497 2238 587 2299 fertur
600 2240 657 2298 cita
670 2240 783 2316 gurgite
796 2239 915 2314 classis3

155 2319 196 2377 Et
208 2319 325 2379 tandem
339 2317 399 2377 leri
412 2326 488 2378 notae
503 2319 689 2394 advertuntur
702 2336 805 2376 arenas.

193 2397 234 2456 At
246 2397 347 2474 procul
361 2398 478 2455 excelso
492 2397 610 2456 miratus
624 2397 732 2455 vertice
746 2399 852 2456 montis

153 2475 324 2533 Adventum
337 2475 488 2551 sociasque
501 2484 586 2550 rates,
602 2475 726 2552 occurrit
739 2476 871 2552 Acestes,

156 2554 298 2611 Horridus
311 2551 343 2609 in
352 2552 459 2628 jaculis
473 2560 503 2611 et
514 2553 591 2628 pelle
605 2552 763 2629 Libystidis
777 2573 872 2626 ursae3

156 2632 245 2689 Troia
258 2629 383 2689 Crimiso
398 2637 571 2706 conceptum
583 2630 808 2688 fluminemster

157 2710 253 2782 Quem
267 2707 379 2786 genuit.⁴
417 2707 559 2766 Veterum
572 2726 631 2765 non
645 2704 799 2765 immemor
812 2708 861 2765 ille
874 2707 1036 2785 parentium,

157 2791 292 2847 Gratatur
305 2788 427 2846 reduces
438 2805 446 2859 ;
469 2794 499 2845 et
511 2786 583 2862 gazi
596 2786 678 2844 lictus
694 2786 797 2862 agresti

85 2870 88 2875 ’
155 2867 286 2944 Excipit,
302 2885 335 2924 ac
350 2866 441 2924 sessos
456 2865 559 2942 opibus
574 2865 680 2924 solatur
694 2865 802 2923 amicis.

194 2947 315 3005 Postera
328 2964 417 3023 quum
430 2945 524 3022 primo
539 2935 635 3003 stellas
650 2943 760 3002 oriente
773 2943 887 3020 fugirat

157 3026 243 3085 Clara
257 3026 328 3099 dies,
343 3024 437 3082 socios
450 3025 481 3082 in
496 3031 602 3082 coetum
616 3023 711 3082 littore
723 3023 760 3081 ab
770 3023 853 3096 ¹omni

156 3106 290 3165 Advocat
303 3104 424 3178 AEucas,
438 3103 600 3180 tumulique
615 3121 653 3160 ex
667 3121 771 3178 aggere
785 3102 878 3160 fatrrr:

157 3184 331 3241 Dardanidae
346 3182 451 3258 magni,
467 3202 559 3258 genus
572 3182 629 3240 alto
644 3200 660 3240 a
674 3182 815 3258 sanguine
829 3180 938 3258 divium,

157 3264 280 3323 Annuus
295 3258 403 3319 exactis
417 3262 577 3338 completur
590 3259 738 3318 mensibus
752 3259 839 3335 orbiu,

158 3341 208 3398 Ex
222 3359 279 3416 quo
292 3338 428 3414 reliquias
441 3339 589 3418 divinique
602 3358 673 3398 ossa
681 3339 808 3416 parentis

158 3418 351 3478 Condidimus
364 3417 448 3493 terra,
462 3427 638 3498 moestasque
652 3418 827 3476 sacravimus
841 3436 911 3474 aras.
940 3493 942 3496 y

157 3496 281 3574 Jamque
295 3496 367 3571 dies,
380 3496 411 3553 ni
424 3495 515 3572 fallor,
530 3498 620 3574 adest,
634 3516 722 3573 quem
736 3516 799 3555 sem
864 3494 1011 3570 acerbum,

161 3577 283 3653 Semper
295 3574 468 3633 honoratum
485 3573 542 3653 (sie
556 3574 585 3634 di
598 3575 748 3654 voluistis)
762 3575 802 3632 ha
822 3572 886 3632 cbo.

159 3654 250 3716 Hunc
259 3663 319 3730 'ego
334 3653 458 3712 Gaetulis
472 3673 587 3730 agerem
600 3654 625 3713 si
638 3654 763 3731 syrtibus
777 3652 871 3728 exsul,

159 3735 332 3812 Argolicove
346 3733 418 3846 myri
431 3733 599 3811 deprensus,
610 3741 640 3793 et
652 3733 724 3792 urbe
738 3733 894 3810 Mycenes,
