2400 4178
484 199 766 324 ‘namin‘

146 369 289 432 Dicuntur
301 372 424 449 geminae
438 382 533 452 pestes
547 377 717 452 cognomine
730 377 818 454 Dirae,
836 399 838 402 ⁴

147 451 227 522 Quas
241 460 270 510 et
282 451 446 511 Tartaream
460 454 491 513 N
492 473 530 512 ox
543 455 714 531 intempesta
727 456 885 531 Megaeram

114 592 118 602 ,
146 528 214 590 Uno
229 530 388 607 eodemque
401 531 468 591 tulit
478 541 573 610 portu„
584 532 756 611 paribusque
770 535 894 595 revinxit

107 608 113 651 ¹.
147 607 318 686 Serpentium
332 610 423 687 spiris,
437 619 628 688 ventosasque
643 612 752 671 addidit
764 612 831 672 alas.

146 688 202 745 Hae
216 687 296 746 lovis
310 689 345 746 ad
358 689 471 765 solium,
486 690 612 766 scevique
625 691 655 748 in
668 691 866 769 limineregis,

144 767 302 843 Apparent,
317 776 480 845 acuuntque
493 777 603 843 metum
616 770 781 829 mortalibus
795 771 887 848 aegris,

147 844 178 902 Si
192 846 305 921 quando
319 845 410 906 letum
423 847 461 905 bo
492 847 498 862 ’
521 867 587 905 cum
601 847 772 927 morbosque
786 846 872 909 decim
886 869 938 909 rex

77 996 80 1001 Ι
145 923 274 1000 Molitur,
289 926 403 984 meritus
417 934 466 984 aut
477 925 515 984 be
526 925 554 983 lo
568 927 675 985 territet
687 928 782 986 urbes.

144 1002 256 1061 Harum
270 1023 356 1061 unum
370 1004 494 1063 celerem
508 1005 624 1063 demisit
637 1005 672 1063 ab
687 1005 794 1065 ethere
808 1013 933 1077 summo¹

143 1081 265 1159 Jupiter,
278 1082 365 1159 inque
380 1102 466 1142 omen
479 1083 607 1142 luturuae
622 1103 769 1143 occurrere
780 1085 874 1163 jussit.

145 1159 199 1216 Illa
211 1160 296 1234 volat,
311 1161 453 1239 celerique
468 1161 502 1219 ad
517 1171 619 1221 terram
633 1163 746 1222 turbiue
759 1164 865 1222 fertur:

144 1238 213 1296 Non
227 1257 309 1296 secus
323 1259 458 1299 ocnervo
470 1259 522 1318 per
535 1241 641 1299 nubem
654 1242 777 1320 impulsa
788 1243 899 1319 sagitta,

144 1319 291 1376 Armatam
305 1319 375 1375 saevi
388 1319 511 1379 Parthus
525 1340 610 1396 quam
623 1321 690 1378 felle
704 1322 819 1397 veneni,
863 1320 865 1324 ’

144 1396 276 1471 Parthus,
290 1397 351 1455 sive
366 1397 478 1475 Cydon,
493 1399 582 1457 telum
596 1399 817 1477 immedicabile,
831 1399 930 1472 torsit;

145 1475 283 1552 Stridens,
297 1484 327 1534 ct
340 1477 448 1536 celeres
461 1478 607 1554 incognita
620 1478 740 1537 transilit
753 1479 877 1539 umbros.

145 1555 224 1612 Talis
238 1574 269 1613 se
283 1564 343 1614 sata
356 1556 452 1614 Nocte
465 1557 538 1632 tulit,
552 1565 696 1636 terrasque
709 1558 821 1635 petivit.¹
895 1583 897 1586 ⁴

140 1709 141 1712 Ἴ
183 1633 339 1709 Postquam
353 1635 430 1694 acies
443 1636 523 1702 videt
535 1635 638 1694 Iliacas
653 1644 737 1714 utque
751 1637 865 1713 agmina
878 1635 983 1713 Turni,

144 1711 228 1771 Alitis
242 1714 271 1770 in
285 1733 379 1791 parvae
394 1713 517 1774 subitam
531 1712 650 1773 collecta
663 1715 791 1792 figuram,
901 1742 903 1746 ⁴

145 1791 221 1862 Quae
235 1793 377 1868 quondam
391 1793 422 1851 in
434 1793 525 1853 bustis
539 1800 588 1851 aut
600 1793 772 1852 culminibus
786 1794 906 1852 desertis

143 1869 238 1929 Nocte
252 1872 355 1928 sedens
369 1869 464 1930 serium
478 1871 555 1932 osuit
568 1871 729 1949 importuna
741 1892 793 1951 per
805 1871 939 1931 umbras:

144 1949 229 2008 Hanc
243 1969 325 2008 versa
338 1950 367 2007 in
380 1950 492 2028 sociem,
508 1950 600 2008 Turni
614 1970 645 2009 se
657 1951 747 2029 pestis
762 1951 799 2009 ob
813 1971 862 2009 ora

143 2028 267 2106 Fertque
281 2028 422 2106 refertque
436 2049 548 2104 sonans,
563 2029 753 2107 clypeumque
767 2028 917 2115 everberat
930 2028 990 2088 alis.

144 2107 190 2164 Illi
204 2107 331 2166 membra
343 2127 435 2182 nouus
449 2108 533 2167 solvit
545 2102 696 2167 formidine
710 2116 814 2187 torpor,¹

142 2188 325 2266 Arrectaeque
338 2185 454 2246 horrore
467 2206 568 2263 comae,
583 2195 613 2246 et
624 2206 683 2245 vox
694 2185 825 2247 faucibus
838 2187 930 2246 bresit

142 2266 192 2339 At,
205 2266 305 2343 procul
318 2274 352 2324 ut
364 2267 443 2325 Dirae
457 2266 606 2325 stridorem
621 2267 739 2342 agnovit
753 2275 782 2325 et
795 2266 863 2342 alas,

143 2343 249 2402 Infelix
262 2345 354 2403 crines
368 2346 472 2404 scindit
484 2346 607 2403 luturna
619 2344 736 2422 solutos,

143 2422 296 2498 Unguibus
309 2443 358 2481 ora
371 2442 449 2482 soror
461 2424 572 2482 soedans
586 2431 615 2481 et
626 2431 742 2501 pectore
754 2424 868 2501 pugnis.

144 2501 223 2571 Quid
236 2521 314 2559 nunc
328 2509 357 2560 te
370 2509 427 2576 tus,
442 2502 550 2576 Turne,
564 2508 658 2579 potest
671 2520 806 2578 gemens
815 2503 941 2594 juvare?
1005 2553 1013 2567 ,

142 2580 203 2636 Aut
216 2580 284 2657 quid
293 2582 356 2658 jam
369 2579 448 2638 durae
462 2587 576 2658 superat
589 2579 682 2637 mihi?
703 2581 760 2657 qud
773 2579 826 2638 tibr
838 2579 934 2642 lucem
973 2575 977 2597 ⁷

142 2659 212 2716 Arte
227 2660 341 2716 morer?
362 2658 442 2717 telin’
455 2677 572 2736 possum
586 2677 632 2714 me
647 2659 954 2734 opponeremonstro?

140 2737 159 2811 J
161 2757 206 2794 am
216 2739 278 2816 jum
292 2736 333 2795 lin
353 2756 390 2795 uo
404 2737 489 2796 acies.
530 2736 561 2795 N
562 2755 578 2794 e
592 2754 639 2793 me
653 2743 755 2794 terrete
769 2735 928 2810 timentem,
1004 2770 1008 2778 ι

143 2815 297 2895 Obscoenae,
308 2756 458 2890 dilueres,
480 2816 586 2874 alarum
599 2814 719 2873 verbera
731 2832 831 2889 nosco,
843 2852 844 2857 κ
881 2814 884 2822 ’

129 2896 331 2974 ¹Letalemque
344 2914 465 2970 sonum;
486 2914 540 2954 uec
553 2893 657 2953 fallunt
665 2895 748 2972 jussa
760 2887 883 2971 superba
953 2954 957 2959 ,

143 2974 323 3072 Magnanimi
334 2974 353 3031 J
354 2975 423 3033 ovis.
465 2975 538 3033 Hoec
551 2992 602 3051 pro
615 2972 777 3048 virginitate
790 2970 924 3051 reponit?
956 3015 960 3026 ,

139 3053 211 3124 'Quo
225 3055 314 3113 vitam
327 3054 407 3112 dedit
419 3054 578 3114 retemam?
599 3070 650 3110 cur
663 3052 760 3110 mortis
775 3051 908 3130 adempta
921 3056 965 3108 est
1032 3063 1034 3068 ’
1067 3072 1069 3076 ·

143 3133 279 3193 Conditio
293 3136 305 3191 ἓ
324 3150 438 3210 possem
452 3140 545 3197 tantos
559 3129 641 3189 linire
654 3129 767 3189 dolores

144 3212 231 3272 Nunc
244 3209 332 3288 certi,
346 3221 375 3271 et
388 3213 492 3272 misero
505 3211 583 3270 fratri
596 3228 693 3269 comes
708 3209 749 3269 ire
761 3227 814 3288 per
827 3209 950 3292 umbras.

145 3291 316 3350 Immortalis
329 3292 405 3366 ego?
427 3298 476 3350 aut
489 3290 643 3369 quidquam
656 3287 728 3359 mibi
741 3289 826 3347 dulce
839 3305 968 3352 meorum
1036 3320 1039 3324 .

144 3369 190 3428 Te
204 3369 276 3444 sine,
290 3368 385 3443 freter,
400 3369 475 3428 erit?
492 3422 495 3426 Α
510 3367 536 3430 0
548 3387 614 3447 quae
629 3364 698 3426 satis
712 3367 768 3426 alta
780 3363 912 3425 dehiscat

144 3444 236 3506 Terra
248 3445 320 3504 mihi
343 3466 499 3524 manesque
512 3445 742 3506 deam-demittat
755 3444 791 3503 ad
804 3443 897 3503 imos!
982 3448 987 3459 ‘

145 3523 272 3586 rmum
286 3489 380 3600 edita,
394 3532 479 3604 caput
491 3525 594 3602 glauco
608 3523 737 3584 contexit
749 3521 856 3581 amictu
933 3561 935 3566 ·

145 3605 242 3664 Multa
256 3621 385 3681 gemens,
399 3611 429 3663 et
442 3623 473 3662 se
486 3603 574 3664 fluvio
587 3604 643 3663 dec
655 3601 783 3662 condidit
795 3599 861 3670 alto.

185 3684 296 3743 AEneas
309 3682 396 3742 instat
408 3679 517 3760 conbi,
530 3681 680 3760 telumque
690 3686 820 3740 coruscet
899 3693 901 3697 '

147 3761 266 3843 lugens,
278 3760 438 3875 arboreupn,
451 3769 481 3821 et
493 3780 570 3823 saevo
583 3760 625 3822 sic
636 3767 753 3840 pectore
765 3756 838 3818 our
849 3775 862 3814 ι.
