2400 4178
505 189 620 246 nlnnn
639 189 677 245 11.

110 340 284 402 Nostrorum
298 338 455 415 obruimur,
470 339 616 417 oriturque
630 336 790 396 miserrima
802 341 907 416 caedes,

109 421 264 479 Armorum
277 417 351 477 facie
365 425 396 477 et
408 416 562 476 Graiarum
576 435 670 475 errore
680 416 824 494 jubarum.

110 497 189 556 'lhrrn
204 496 309 572 Danai,
320 496 429 572 gemitu
443 504 528 573 atquc
542 503 649 572 erepte
664 495 783 571 virginis
796 495 848 571 iri,
913 553 916 558 .

110 575 248 653 Undique
261 575 375 634 collecti
388 575 544 648 invadunt3
566 573 721 632 acerrimus
735 573 822 651 Ajax,

110 654 153 711 Et
165 653 274 729 gemini
286 653 407 729 Atride,
422 652 628 731 Dolopumque
642 651 786 710 exercitus
800 651 921 710 omnis·
1007 676 1013 685 ·

109 732 233 790 Adversi
246 739 329 810 rupto
343 749 398 790 ceu
411 732 556 808 quondam
570 728 684 789 turbine
697 730 777 788 venti
901 786 902 790 ,

110 810 286 886 Conflignnt,
301 809 523 888 Zephyrusque,
537 809 700 885 Notusque,
715 815 745 866 et
757 808 840 866 letus
854 807 926 868 Eois

110 888 208 946 Eurus
222 889 322 964 equis,
343 889 467 946 stridunt
480 887 577 959 silvae,
599 887 739 963 saevitque
752 887 869 946 tridenti

111 966 255 1042 Spumeus
270 975 355 1044 atque
368 966 427 1023 imo
441 966 557 1024 Nereus
570 965 628 1023 ciet
641 983 756 1040 aequora
768 964 865 1023 fundo.

111 1042 157 1101 Illi
172 1044 268 1119 etiam,
283 1045 308 1102 si
322 1062 393 1119 qnos
403 1042 529 1101 ‘obscuri
542 1049 627 1099 nocte
640 1061 692 1120 per
705 1041 836 1100 umbram

110 1121 250 1179 Fudimus
264 1121 386 1196 insidiis,
400 1119 701 1199 totaque-agitavimus
713 1119 794 1194 urbe,

110 1200 276 1275 Apparent;
299 1199 385 1277 primi
398 1197 515 1276 clypeos
529 1198 704 1274 mentitaque
719 1196 776 1255 tela
876 1233 880 1240 ·

109 1277 290 1352 Agnoscunt,
306 1285 390 1354 atque
404 1295 453 1334 ora
467 1295 537 1335 sono
552 1276 693 1333 discordia
707 1275 828 1350 signant.

110 1353 195 1412 Ilicet
207 1355 355 1412 obruimur
368 1373 504 1413 numero:
525 1354 692 1430 primusque
706 1353 857 1429 Coroehus,
897 1380 902 1389 ·

109 1433 230 1491 Penelei
244 1434 354 1508 dextri,
369 1433 443 1491 divae
458 1432 654 1509 armipotentis
668 1432 703 1489 ad
718 1451 795 1488 aram

110 1511 292 1585 Procumbit;
314 1512 390 1570 eadit
404 1521 433 1570 et
446 1511 589 1590 Rhipeus,
600 1511 776 1588 justissimus
790 1528 864 1568 unus

110 1590 170 1660 Qui
183 1589 238 1647 suit
250 1590 281 1647 in
295 1590 427 1664 Teucris,
442 1597 472 1647 et
484 1589 715 1648 servantissimus
729 1587 805 1665 aequi
818 1608 824 1645 :

109 1666 165 1724 Dis
180 1668 261 1725 aliter
273 1668 375 1725 visum.
418 1666 546 1729 Pereunt
558 1668 759 1745 Hypanisque,
775 1667 955 1743 Dymasque,
1006 1707 1009 1711 ·

110 1745 227 1802 Confixi
242 1765 259 1803 a
272 1746 373 1803 sociis:
396 1763 452 1802 nee
465 1753 494 1802 te
507 1753 557 1803 tua
569 1745 701 1821 plurima,
716 1744 842 1819 Panthu,

110 1822 270 1880 Labentem
283 1824 376 1900 pietas
389 1841 444 1880 nec
457 1823 601 1899 Apollinis
615 1822 706 1880 infula
719 1823 799 1879 texit.

110 1900 192 1959 Iliaci
206 1903 328 1976 cineres,
343 1910 372 1959 et
385 1901 501 1958 flamma
514 1908 643 1959 extrema
657 1919 796 1974 meorum,

109 1980 221 2056 Testor,
236 1981 266 2037 in
281 1999 386 2038 occasu
401 1988 504 2055 vestro,
519 1998 574 2038 nec
587 1978 645 2037 tela
658 1997 712 2036 nec
726 1978 799 2035 ullas

108 2057 256 2117 Vitavisse
268 2059 348 2117 vices
362 2057 515 2131 Danahm3
541 2066 579 2134 et,
595 2057 619 2116 si
632 2057 690 2116 fata
703 2057 825 2116 fuissent

108 2137 150 2197 Ut
164 2139 306 2213 caderem,
322 2137 461 2196 meruisse
475 2156 572 2195 manu.
615 2135 789 2194 Divellimur
802 2135 880 2210 inde,

108 2215 221 2293 Iphitus
235 2224 265 2274 et
278 2217 374 2275 Pelias
388 2235 513 2292 mecum,
527 2234 650 2293 quorum
667 2214 781 2291 lphitus
795 2233 858 2272 aevo

106 2295 171 2352 Jam
185 2296 305 2372 gravior,
321 2296 417 2354 Pelias
431 2303 461 2353 et
472 2294 592 2354 vulnere
606 2295 703 2352 tardus
718 2293 852 2371 Ulyssei:

107 2373 249 2432 Protenus
263 2375 299 2432 ad
313 2375 397 2432 sedes
411 2373 519 2431 Priami
533 2373 657 2431 clamore
673 2372 775 2430 vocati.
807 2371 810 2374 ’

108 2451 167 2509 Hic
181 2449 249 2510 vero
263 2453 411 2536 ingentem
424 2471 561 2528 pugnam,
576 2470 629 2509 ceu
644 2459 749 2508 caetera
764 2468 905 2526 nusquam

108 2529 192 2587 Bella
205 2530 308 2602 forent,
323 2529 395 2586 nulli
408 2531 468 2587 totu
482 2538 667 2587 morerentur·
674 2529 703 2585 in
718 2528 805 2584 urbe:

109 2609 157 2665 Sic
172 2608 298 2664 Martem
311 2606 494 2679 indomitum,
508 2604 684 2681 Danaosque
699 2607 820 2662 adtacta
834 2614 951 2664 ruentes
1029 2609 1099 2664 440,

108 2687 271 2760 Cernimus,
286 2683 492 2758 obsessumque
506 2683 569 2740 acti
583 2683 727 2740 testudine
740 2680 838 2739 limen.

108 2765 231 2821 Haerent
243 2762 399 2839 parietibus
413 2761 509 2836 scalae,
522 2768 678 2837 postesque
692 2760 745 2817 sub
758 2759 836 2836 ipsos

107 2844 138 2901 N
139 2844 247 2902 ituatur
260 2841 413 2917 gradibus3
436 2840 612 2916 clypeosque
627 2839 662 2897 ad
676 2839 734 2897 tela
747 2837 868 2911 sinistris

107 2923 235 2981 Proteeti
249 2920 406 2998 objiciunt;
428 2928 567 2997 prensant
579 2918 692 2994 fastigia
705 2916 822 2975 dextris.

107 3001 281 3059 Dardanidae
296 2996 396 3058 contri
409 3007 501 3058 turres
515 3017 548 3056 ac
562 3005 639 3056 tecta
653 2998 802 3055 domorum
1002 3067 1007 3075 „

107 3080 243 3138 Culmina
256 3078 440 3152 convellunt;
461 3077 507 3135 his
521 3096 562 3152 se,
576 3077 691 3153 quando
705 3076 806 3134 ultima
819 3083 949 3152 cernunt,

107 3160 247 3217 Extremi
256 3160 318 3236 jam
331 3157 361 3215 in
377 3166 468 3215 morte
481 3163 582 3232 parant
596 3155 753 3232 defendere
766 3155 848 3214 telis:
900 3186 902 3192 ι

106 3240 287 3314 Auratasque
300 3236 405 3312 trahes,
418 3244 550 3295 veterum
565 3236 671 3293 decora
684 3234 742 3293 ulta
753 3232 915 3311 parentum,
994 3252 998 3259 ·

107 3317 293 3374 Devolvuntt
315 3314 363 3384 alii
378 3314 483 3374 strictis
497 3313 682 3372 mucronibus
692 3313 765 3370 imas
879 3343 896 3380 ,-

108 3392 257 3454 Οδεεάὂτε
271 3395 362 3466 Iores;
383 3394 436 3452 has
450 3401 565 3451 servant
578 3393 691 3469 agmine
707 3392 805 3449 denso.

107 3473 261 3532 Instaurati
275 3471 363 3530 animi
376 3472 451 3548 regis
465 3490 631 3530 succurrere
645 3472 739 3547 tectis,

106 3553 283 3628 Auxilioque
296 3551 393 3608 levare
406 3551 492 3626 viros,
506 3551 622 3626 uimque
637 3550 742 3607 addere
756 3547 849 3606 victis.

147 3632 251 3689 Limen
265 3638 334 3705 erat,
349 3647 493 3705 caecaeque
507 3629 591 3703 sores,
606 3637 635 3686 et
647 3629 764 3705 pervius
778 3645 847 3683 usus

105 3711 263 3770 Tectorum
277 3709 352 3768 inter
364 3726 396 3767 se
410 3706 527 3784 Priami,
541 3715 696 3784 postesque
710 3704 802 3764 relicti
