2400 4178
121 198 175 253 leo
528 194 711 251 AENEIDO!

123 344 239 421 ingenti
252 344 395 423 trepidare
408 352 506 403 metu:
527 364 593 423 pars
606 352 717 402 vertere
731 350 820 420 terga,

121 424 186 483 Ceu
200 424 346 501 quondam
358 420 469 501 petiaire
483 430 576 481 rates:
597 442 663 500 pars
676 422 776 481 tollere
789 442 893 483 vocem

121 503 288 579 Exiguam,
308 502 440 593 inceptus
453 501 561 559 clamor
573 502 721 560 frustratur
733 500 856 561 hiantes.

160 584 258 657 Atque
271 579 320 639 hic
333 578 499 639 Priamiden
514 579 652 637 laniatum
666 598 786 657 corpore
798 588 859 639 toto

120 658 309 737 Deiphobum
324 658 405 733 vidit,
420 657 547 716 lacerum
561 656 714 715 crudeliter
727 676 785 731 ora,
1048 658 1113 723 495

121 736 189 811 Ora,
204 755 365 814 manusque
379 736 488 811 ambas,
501 736 698 811 populataque
712 743 844 812 tempora
856 736 946 817 rdptis
1014 736 1053 775 '··
1088 744 1112 773 '⁵

119 815 256 889 Auribus,
271 823 300 873 et
313 824 427 873 truncas
441 814 594 872 inhonesto
607 814 727 872 vulnere
740 831 833 872 nares.
1018 828 1021 833 ’

120 892 181 951 Vix
195 891 268 951 adad
283 893 400 969 agnovit
412 892 600 969 pavitantem,
614 900 644 950 et
657 892 717 950 dira
731 899 877 973 tegentem

121 971 287 1049 Supplicia3
309 980 339 1029 et
351 972 427 1029 notis
441 970 596 1047 compellat
607 970 727 1028 vocibus
741 970 833 1029 ultro:

120 1048 276 1127 Deiphobe
291 1050 474 1126 armipotens,
488 1068 580 1124 genus
594 1049 650 1107 alto
665 1068 682 1105 a
695 1048 834 1125 sangnine
848 1048 966 1125 Teucri,
1047 1056 1111 1111 500

121 1128 196 1199 Quis
210 1136 269 1187 tam
283 1129 415 1187 crudeles
428 1128 537 1205 optavit
550 1145 663 1184 sumere
675 1130 797 1204 poenasl

120 1206 177 1264 Cui
191 1204 301 1265 tantum
315 1207 352 1263 de
365 1214 378 1265 t
407 1206 512 1264 licuit?
552 1205 629 1263 Mihi
643 1205 719 1263 fama
731 1208 865 1282 supremi

120 1285 217 1343 Nocte
230 1284 304 1359 tulit,
318 1284 346 1342 se
376 1304 425 1342 um
439 1284 520 1343 vasti
534 1292 563 1341 te
577 1284 658 1341 caede
671 1283 827 1359 Pelasgum

120 1362 312 1421 Procubuisse
326 1382 413 1440 super
425 1364 553 1421 consusoe
567 1362 668 1438 stragis
682 1380 826 1419 acervum.

120 1440 205 1499 Tunc
219 1449 335 1517 egomet
348 1441 490 1499 tumulum
505 1440 632 1499 Rhoeteo
645 1440 675 1497 in
689 1440 782 1498 littore
797 1441 913 1498 inanem
1048 1448 1113 1505 505

121 1520 274 1593 Constitui,
290 1530 319 1577 et
333 1520 438 1652 miqui
451 1520 557 1577 Manes
572 1529 615 1577 ter
627 1536 699 1575 voce
712 1518 822 1575 vocavi.
1098 1562 1104 1571 .

120 1596 238 1655 Nomen
253 1606 283 1655 et
296 1615 375 1655 arma
399 1615 482 1654 ocum
497 1604 621 1655 servant
663 1594 718 1669 Te,
733 1597 836 1672 amice,
850 1596 972 1672 nequivi
1075 1618 1084 1639 ··
1104 1624 1111 1647 ι

121 1674 308 1752 conspicere,
323 1683 352 1732 et
363 1675 456 1752 patrii
469 1675 616 1732 decedens
628 1692 737 1750 ponere
750 1676 833 1732 terni.

120 1754 168 1811 Ad
183 1773 246 1830 qnae
262 1752 326 1810 haec
339 1753 518 1811 Priamides:
539 1752 623 1812 Nihil
638 1752 731 1826 olibi,
746 1754 849 1828 amice,
863 1752 1016 1828 relictum;

122 1831 228 1889 Omnia
241 1831 397 1908 Deiphobo
411 1833 521 1890 solvisti
535 1840 565 1889 et
578 1830 686 1888 funeris
700 1830 826 1890 umbris:
1049 1837 1115 1893 510

123 1910 181 1967 Sed
196 1928 242 1968 me
256 1909 314 1967 sata
327 1930 394 1968 mea
407 1919 436 1969 et
449 1912 544 1969 scelus
558 1909 675 1968 exitiale
689 1910 822 1967 Lacaenac

121 1988 177 2045 His
192 1986 318 2047 mersere
332 1989 435 2062 malis;
456 1990 506 2047 illa
519 1989 582 2046 haec
597 1997 784 2045 monumenta
796 1987 920 2063 reliquit.

121 2066 257 2144 Namque
271 2075 303 2125 ut
316 2086 481 2143 supremam
494 2067 566 2123 falsa
578 2067 653 2123 inter
666 2066 770 2140 gaudia
783 2078 899 2124 noctem

121 2144 275 2219 Egerimus
289 2143 384 2216 ndsti3
406 2153 436 2202 et
447 2141 571 2201 nimium
585 2143 751 2200 meminisse
765 2161 887 2202 necesse
900 2150 954 2202 est.

122 2222 221 2292 Quum
236 2222 329 2280 fatalis
343 2240 435 2298 equus
449 2223 522 2279 saltu
536 2240 621 2297 super
634 2221 723 2277 ardna
735 2221 815 2279 venit
923 2242 929 2249 ·
1049 2228 1113 2285 515

120 2300 271 2374 Pergama,
286 2308 315 2358 et
328 2308 467 2358 armatum
481 2299 609 2375 peditem
624 2299 718 2374 gravis
732 2298 827 2359 attth
839 2300 925 2373 alv03

120 2377 184 2452 illa,
199 2377 319 2434 chorum
333 2378 482 2453 simulans,
497 2387 615 2435 evantes
629 2377 707 2451 orgia
720 2376 830 2435 circum

119 2454 255 2513 Ducebat
267 2456 425 2532 Phrygias:
446 2457 592 2513 flammam
607 2455 703 2513 media
715 2456 778 2533 ipsa
790 2455 908 2515 tenebat

120 2534 282 2609 Ingentem,
297 2542 327 2593 et
340 2536 454 2593 summai
467 2535 585 2592 Danaos
599 2552 636 2592 ex
651 2552 715 2592 arce
729 2535 860 2593 vocabat

119 2611 196 2670 Tum
211 2632 258 2671 me
273 2614 437 2673 confectum
450 2614 525 2671 curis
540 2632 698 2689 somnoque
712 2621 860 2689 gravatum
1048 2619 1113 2675 520

119 2691 227 2749 Infelix
240 2691 341 2751 habuit
354 2693 497 2751 thalamus
508 2712 516 2764 ;
537 2693 697 2769 pressitque
707 2694 854 2770 jacentem

119 2770 221 2828 Dulcis
236 2779 266 2829 et
279 2771 336 2830 alta
349 2770 441 2849 quies,
454 2771 634 2848 placidaeque
648 2770 795 2829 simillima
807 2768 900 2829 morli.
942 2798 945 2803 ·

118 2848 245 2925 Egregia
258 2850 368 2908 interea
380 2852 488 2928 conjux
502 2869 580 2907 mma
593 2848 691 2906 omnia
704 2849 788 2906 tectis

119 2927 254 3002 Emovet,
270 2934 299 2984 et
311 2928 403 2986 fidum
417 2927 504 3004 capiti
518 2926 694 2985 subduxerat
706 2934 815 2983 ens'em.
1030 2984 1037 2995 ,

119 3005 198 3062 lutra
211 3013 287 3063 tecta
299 3012 384 3063 vocat
397 3005 576 3078 Menelaum,
591 3012 621 3062 et
633 3003 734 3061 limina
746 3004 864 3081 pandit3
1046 3012 1112 3068 525

120 3080 237 3141 Scilicet
249 3082 280 3139 id
294 3101 430 3158 magnum
444 3100 561 3158 sperans
574 3082 634 3140 lore
647 3101 751 3139 munus
766 3082 873 3140 amanti

118 3160 160 3219 Et
172 3161 277 3218 famam
291 3160 421 3236 extingui
434 3170 564 3219 veterum
579 3161 620 3219 sic
633 3179 718 3238 posse
733 3161 882 3218 malorum.

119 3239 199 3309 Quid
213 3241 330 3298 moror?
350 3239 511 3316 irrumpunt
523 3240 668 3311 thelam03
689 3257 786 3297 comes
801 3239 914 3298 additus
926 3238 988 3297 und

119 3319 256 3376 Hortatur
269 3318 410 3376 scelerum
423 3318 565 3376 AEolides.
607 3316 658 3394 Di,
671 3317 740 3375 talia
753 3318 849 3376 Graiis

120 3397 288 3471 instaurate,
303 3397 352 3474 pio
366 3397 391 3455 si
400 3416 500 3474 poenas
514 3416 563 3455 ore
577 3414 706 3472 reposco.
1046 3402 1112 3459 550

120 3475 179 3534 Sed
192 3484 221 3534 te
235 3476 285 3553 qui
298 3477 398 3534 vivum
411 3495 504 3550 casus,
519 3491 582 3548 age,
597 3474 656 3532 fare
668 3474 798 3532 vicissim

100 3554 296 3631 ,Attulerintt
317 3556 450 3631 pelagine
465 3554 546 3612 venis
560 3552 702 3611 erroribus
717 3555 818 3612 actus?

118 3633 166 3689 An
182 3634 291 3692 monitu
306 3633 428 3691 diutim?
448 3652 484 3690 an
498 3650 562 3709 quae
576 3639 605 3689 te
619 3630 732 3691 fortuna
744 3632 852 3707 fatigat,

119 3710 162 3772 Ut
175 3710 268 3769 tristes
282 3711 345 3770 sine
358 3712 419 3770 sole
434 3712 544 3787 domos,
558 3709 622 3768 loca
635 3710 757 3785 turbida,
772 3708 887 3768 adires?
