2400 4178
113 174 167 231 m
518 170 700 228 AENEIDOS

112 321 144 381 si
157 340 215 397 qua
229 320 311 396 tides,
326 320 454 379 animum
467 320 493 377 si
507 320 583 378 veris
595 318 699 397 implet
710 316 828 396 Apollo,

110 400 210 459 Unum
225 399 296 457 illud
310 399 372 473 tibi,
386 407 453 456 nate
467 400 532 473 deti,
546 416 664 475 praeque
677 396 812 455 omnibus
824 414 927 473 anun,
958 466 961 471 Ι

110 478 281 551 Praedicam,
296 486 326 534 et
339 485 472 554 repetens
486 477 646 551 iterumque
659 476 821 551 iterumque
834 474 972 537 monebo·

108 556 231 615 lunonis
244 574 356 629 maguae
370 552 494 632 primirm
508 573 594 632 prece
608 572 715 612 numen
730 555 836 627 ndora3

108 634 217 692 lunoni
230 652 301 691 cane
316 642 383 691 vota
396 632 499 705 libens,
513 633 718 708 dominamque
730 640 878 709 potentem

110 710 294 803 Supplicibus
307 729 412 787 supera
425 711 508 767 douis
521 730 527 766 z
549 712 591 767 sic
604 711 731 787 denique
744 711 837 769 victor

108 789 258 848 Tnnacrit
272 788 345 847 fines
360 789 447 846 ltalos
461 786 574 846 mittere
588 788 696 845 relicti.

109 864 179 925 Huc
193 866 242 925 ubi
256 866 368 925 delatus
381 867 531 925 Cumaeam
545 866 700 924 accesseris
713 866 823 942 urbem,

108 944 289 1021 Divinosque
303 944 392 1019 lacus,
407 954 437 1003 et
449 946 566 1002 Averna
579 945 710 1001 sonantia
722 944 821 1018 silvis;

109 1022 244 1080 Insanam
258 1032 353 1080 vatem
368 1024 519 1100 adspicies,
533 1042 597 1099 quae
612 1042 682 1113 rupe
696 1022 750 1080 sub
763 1022 823 1079 ime

107 1100 181 1159 Fata
193 1100 280 1176 canit,
294 1100 425 1177 foliisque
439 1110 521 1158 uotas
535 1109 564 1158 et
577 1119 694 1157 nomana
709 1100 834 1159 mandat.

109 1178 308 1255 Quaecumque
323 1180 352 1235 iu
366 1178 441 1236 loliis
455 1178 606 1255 descripsit
618 1178 746 1235 earmina
758 1180 788 1237 vi

107 1256 222 1331 Digerit
235 1258 264 1313 iu
281 1276 441 1330 numerum,
456 1266 542 1332 atque
556 1264 637 1314 antro
651 1257 764 1315 seclusa
777 1198 935 1333 trelidquit:

108 1334 163 1392 llla
177 1345 294 1394 manent
306 1336 425 1393 immota
438 1334 519 1410 locis,
534 1354 628 1411 neque
643 1335 678 1392 ab
693 1336 793 1392 ordine
807 1335 926 1395 cedunt.

108 1411 219 1472 Verium
234 1415 345 1487 eadem,
360 1434 443 1471 verso
457 1414 551 1471 tenuis
564 1432 653 1488 quum
667 1414 783 1469 cardine
796 1421 901 1473 ventur

108 1491 238 1567 Impulit,
253 1500 282 1548 et
295 1500 409 1548 teneras
422 1491 546 1555 turbavit
555 1493 645 1567 janua
658 1489 783 1566 frondes,

106 1570 266 1643 Nunquam
281 1568 385 1625 deiude
400 1586 471 1625 cavo
485 1566 633 1625 volitantia
645 1568 786 1644 prendere
800 1588 880 1647 saxo,

106 1648 138 1705 N
139 1666 173 1704 ec
186 1665 320 1703 revocare
335 1646 415 1720 situs,
430 1655 478 1704 aut
487 1647 611 1724 jungere
624 1646 753 1705 carmine
765 1657 853 1707 curat.

108 1725 268 1783 Inconsulti
282 1724 397 1799 abeunt,
412 1726 570 1801 sedemque
584 1723 672 1782 odere
686 1725 807 1803 sibyllae.

107 1804 167 1861 Hic
181 1803 233 1861 tibi
248 1822 284 1861 ne
299 1824 355 1879 qua
369 1822 456 1861 morae
470 1804 576 1862 luerint
588 1804 740 1880 dispendia
752 1804 834 1879 unt,

108 1882 249 1952 Quamvis
263 1883 434 1959 increpitent
447 1884 528 1957 socii,
543 1890 573 1941 et
585 1884 615 1940 vi
629 1902 728 1941 cursus
741 1883 771 1940 in
786 1882 875 1941 altum

107 1959 184 2018 Vela
197 1969 290 2035 vocet,
304 1963 454 2037 possimne
469 1962 548 2019 sinus
562 1960 682 2036 implere
696 1962 849 2035 secundos,

107 2037 187 2109 Quin
202 2040 288 2096 adeas
301 2047 406 2111 vatem,
420 2038 613 2114 precibusque
627 2038 742 2095 oracula
753 2058 875 2113 poscas:

107 2117 175 2249 Ipsa
188 2124 280 2190 canat,
295 2134 454 2190 vocemque
467 2116 568 2173 volens
583 2123 668 2189 atque
683 2134 733 2171 ora
745 2114 878 2175 resolvat.

108 2194 121 2251 Ι
145 2213 161 2250 a
174 2193 226 2251 tibi
241 2193 331 2251 ltaliae
344 2192 479 2269 populos,
493 2198 671 2268 venturaque
684 2192 771 2267 bella,

106 2272 148 2329 Et
161 2290 218 2346 quo
232 2289 376 2346 quemque
391 2270 477 2327 modo
491 2270 640 2345 fugiasque
654 2270 785 2345 serasque
799 2271 939 2353 laborem,

106 2348 272 2424 Expediet3
294 2366 451 2424 cursusque
465 2348 545 2406 dabit
558 2358 696 2407 venerata
708 2351 861 2410 secundos.

106 2426 181 2484 Haee
195 2435 262 2485 sunt
275 2445 338 2502 quae
352 2428 449 2486 nostra
463 2427 548 2485 liceat
561 2437 590 2487 te
603 2447 676 2485 voce
689 2429 809 2486 moneri.
930 2454 936 2463 ·

105 2503 190 2563 Vnde
204 2525 267 2581 age,
282 2514 312 2564 et
325 2507 472 2582 ingentem
485 2505 567 2565 factis
580 2507 623 2565 ier
636 2506 672 2565 ad
687 2507 795 2566 aethera
807 2507 938 2587 Trojam.

146 2584 221 2654 Quae
235 2592 386 2661 postquam
400 2594 480 2644 vates
494 2586 536 2643 sic
550 2606 599 2644 ore
613 2586 716 2646 effatus
731 2587 824 2645 amieo
837 2594 891 2662 est,

105 2661 193 2721 Dona
206 2662 311 2721 dehinc
325 2684 394 2723 auro
408 2665 514 2740 gravia,
529 2674 666 2743 sectoque
680 2665 844 2742 elephanto,

106 2739 233 2819 Imperat
246 2743 282 2800 ad
296 2763 384 2802 naves
398 2744 474 2820 ferri,
489 2745 631 2821 stipatque
645 2744 750 2801 carinis

106 2819 214 2896 Ingens
228 2831 386 2895 argentum,
402 2823 626 2894 Dodonaeosque
639 2819 759 2895 lebetas,

105 2899 238 2956 Loricam
252 2908 414 2956 consertam
429 2898 523 2954 hamis
538 2915 663 2971 auroque
677 2897 809 2972 trilicem,
821 2914 824 2921 ·

105 2975 147 3032 Et
160 2994 265 3032 conum
279 2975 400 3048 insignis
413 2975 515 3047 galee,
529 2973 685 3050 cristasque
699 2984 857 3051 comantes,

104 3054 195 3110 Anna
207 3051 402 3127 Neoptolemi.
446 3051 520 3107 Sunt
533 3060 562 3109 et
576 3072 627 3111 sua
641 3054 717 3111 dona
729 3054 850 3132 parenti.

104 3129 196 3187 Addit
209 3147 307 3205 equos,
323 3127 458 3203 additque
472 3128 580 3186 duces:

104 3207 272 3280 Remigium
286 3204 418 3281 supplet;
441 3205 534 3262 socios
549 3207 633 3264 simul
648 3208 762 3267 instruit
775 3209 869 3269 armis.

145 3285 259 3343 Interea
272 3283 393 3342 classem
406 3282 479 3340 velis
493 3292 590 3360 aptare
600 3285 724 3361 jubebat

105 3363 258 3437 Anchises,
273 3362 355 3421 fieret
367 3368 454 3419 vento
468 3381 597 3419 morene
611 3382 668 3437 qua
680 3364 791 3422 serenti.

106 3441 204 3512 Quem
217 3440 324 3499 Phoebi
337 3440 476 3518 interpres
490 3439 580 3498 multo
594 3442 747 3517 compellat
760 3442 890 3504 honore:
1003 3472 1006 3477 ¹

105 3520 260 3597 Conjugio,
275 3519 414 3594 Anchisa,
428 3517 552 3577 Veneris
567 3518 681 3593 dignate
696 3521 829 3598 superbo,

105 3597 185 3656 Cura
197 3597 295 3672 delam,
309 3597 354 3656 bis
368 3596 534 3672 Pergameis
548 3604 647 3672 erepte
660 3599 758 3676 minis,

104 3676 186 3735 Ecce
200 3677 253 3735 tibi
266 3677 406 3736 Ausoniae
418 3676 521 3748 tellus3
543 3674 618 3734 hanc
633 3677 725 3755 arripe
737 3678 823 3737 velis.
