2400 4178
104 176 156 235 1⁴2
512 175 695 233 AErtmnos

102 324 149 384 Ire
162 326 267 385 iterum
280 326 310 384 in
323 325 474 403 lacrymas,
488 325 592 383 iterum
605 332 715 384 tentus
728 326 874 402 preeundo

101 403 230 481 Cogitru,
245 412 274 463 et
287 404 413 481 supplex
423 404 534 463 animos
548 402 715 462 submittere
728 404 828 479 amori,

100 480 133 541 N
133 500 150 539 e
164 483 232 559 quid
245 483 427 560 inexpertum
440 479 542 541 fruatrd
555 481 691 540 moriture
703 481 854 559 relinquat
888 536 892 543 .

140 562 236 637 Anna
249 562 331 619 vides
344 569 404 619 toto
417 561 565 638 properari
577 560 671 619 littore
682 579 690 632 ;
712 557 821 619 circdm

101 636 184 696 Uudi
203 658 241 696 ue
255 638 435 712 convenere3
455 647 540 699 vocat
549 641 610 716 jam
625 637 759 697 carbasus
773 657 872 713 suras3

101 713 196 792 Puppi
217 736 251 774 us
265 725 295 774 et
308 717 366 774 laeti
380 725 475 775 nautae
489 715 653 793 imposuere
666 735 796 775 corones.

102 791 191 851 Hunc
205 812 259 870 ego
273 795 298 853 si
311 795 393 872 potui
406 804 516 852 tentum
530 814 646 872 sperare
659 794 798 871 dolorem,

101 868 143 928 Et
154 871 290 948 perferre,
304 892 392 947 soror,
406 882 515 950 potero.
558 873 675 930 Miserae
690 873 746 931 hoc
760 880 857 932 brnen
870 893 960 935 unum
1023 882 1082 936 420

101 946 182 1006 Exue
204 969 282 1026 uere,
296 953 391 1026 nna,
407 951 499 1024 mihi;
521 952 610 1010 solam
624 971 691 1009 uam
704 952 831 1029 perfidus
843 953 893 1012 ille

101 1024 148 1083 Te
161 970 266 1103 cillere,
282 1048 401 1089 arcanos
415 1031 502 1088 etiam
516 1030 568 1088 tibi
583 1030 700 1088 credere
713 1049 833 1105 sensus;

103 1103 171 1161 Sole
183 1106 237 1163 viri
251 1107 352 1166 molles
367 1109 461 1167 editus
475 1117 505 1166 et
517 1116 648 1186 tempora
660 1106 753 1167 uorsa.

103 1180 126 1256 l,
141 1201 228 1260 soror,
244 1196 329 1262 atque
344 1186 456 1245 hostem
471 1187 595 1263 supplex
609 1186 696 1245 affare
710 1188 884 1265 superbum:

100 1259 132 1317 N
133 1279 169 1318 ou
185 1281 238 1338 ego
253 1283 320 1322 cum
334 1265 444 1324 Danais
458 1265 614 1343 Trojanem
628 1267 798 1325 exscindere
812 1277 928 1343 gentem
1023 1274 1082 1327 425

100 1338 207 1398 Aulide
217 1343 323 1418 juravi,
337 1343 496 1403 classemve
511 1345 547 1402 ad
561 1341 702 1420 Pergima
716 1345 802 1418 misi3

101 1416 133 1475 N
134 1436 167 1475 ec
180 1422 268 1496 patris
282 1421 419 1481 Anchise
434 1425 560 1482 cinerem
574 1441 710 1480 menesve
723 1423 832 1480 revelli.

101 1493 162 1552 Gur
175 1517 241 1556 mea
254 1499 330 1557 dicte
343 1510 430 1576 negat
443 1503 527 1558 duras
541 1499 691 1558 demittere
704 1499 734 1558 in
749 1503 852 1559 aures?

102 1571 169 1643 Qud
183 1576 261 1634 ruit?
301 1577 474 1636 Extremum
487 1578 544 1635 hoc
558 1579 670 1636 miserie
684 1579 734 1637 det
746 1596 851 1638 munus
866 1583 989 1642 amanti:

101 1649 263 1729 Exspectet
275 1653 446 1732 facilemque
459 1658 557 1732 fugam
570 1664 730 1735 ventosque
743 1658 877 1718 ferentes.
1023 1665 1082 1721 430

100 1728 132 1787 N
133 1749 169 1787 on
179 1734 241 1808 jem
255 1734 420 1810 conjugium
435 1736 594 1813 antiquum,
608 1737 686 1813 quod
699 1739 833 1815 prodidit,
848 1758 916 1813 oro;

100 1806 132 1865 N
133 1826 166 1865 ec
179 1809 300 1886 pulchro
314 1820 346 1871 ut
358 1814 442 1873 Latio
457 1825 560 1890 careat,
575 1835 753 1894 regnumque
767 1817 917 1895 relinquet

101 1885 230 1965 Tempus
244 1890 330 1950 inane
343 1902 421 1971 peto,
436 1895 565 1975 requiem
578 1897 701 1973 spatium
722 1915 760 1955 ue
773 1896 870 1972 furori,

99 1963 181 2042 ΒΨ.
196 1988 262 2041 met
273 1990 321 2040 me
333 1973 442 2039 fletam
455 1974 558 2037 doceat
571 1975 684 2051 fortuna
698 1918 805 2034 folere.

62 2038 92 2095 ²!
102 2062 273 2121 Extremam
287 2060 363 2118 hanc
378 2078 427 2117 oro
440 2059 555 2116 veniam
571 2054 722 2133 (miserere
736 2054 867 2132 sororis):
1024 2058 1083 2114 435

103 2141 199 2213 Quam
213 2139 286 2198 mihi
298 2156 390 2214 quum
403 2137 527 2209 dederis,
542 2132 717 2191 cumulatum
732 2141 824 2190 morte
838 2133 989 2192 remittens

141 2218 263 2276 Talibus
277 2215 383 2290 orabat,
397 2214 527 2290 talesque
542 2211 702 2269 miserrimc
714 2211 799 2269 fletus

102 2296 147 2354 Fe
192 2314 229 2353 ue
243 2294 385 2370 refertque
399 2312 496 2365 soror;
516 2291 568 2350 sed
582 2289 669 2350 nullis
682 2289 731 2348 ille
746 2298 880 2348 movetur

102 2304 244 2448 Fletibus,
260 2382 309 2431 ant
322 2390 408 2430 voees
422 2371 495 2429 ullas
508 2369 664 2428 tractabilis
679 2369 767 2427 audit

102 2452 177 2511 Fata
190 2452 313 2525 obstant,
327 2450 512 2528 placidosque
526 2449 581 2507 viri
594 2449 665 2507 deus
680 2447 801 2507 obstruit
814 2467 906 2506 aures.

103 2532 148 2589 Ac
161 2531 250 2588 veluti
265 2549 372 2589 annoso
386 2530 510 2588 validam
524 2547 613 2606 quum
627 2527 728 2585 robore
742 2545 879 2604 quercum

103 2608 203 2686 Alpini
217 2610 331 2685 Boreae,
345 2628 423 2667 nuuc
436 2609 517 2684 hinc,
532 2626 609 2666 nunc
622 2606 738 2666 flatibus
751 2606 832 2665 illinc

103 2686 216 2746 Erucre
230 2688 304 2747 inter
317 2707 348 2746 se
362 2696 491 2762 certaut3
513 2688 536 2746 it
549 2687 660 2761 stridor,
675 2694 705 2745 et
718 2683 775 2745 alte

103 2765 300 2826 Constemunt
312 2775 428 2842 terram,
442 2786 582 2826 concusso
596 2767 702 2843 stipite,
716 2764 849 2835 tiondes3
912 2805 914 2808 -

104 2843 173 2921 Ipse
185 2844 277 2905 heret
289 2846 435 2978 scopulis3
460 2853 491 2904 et
503 2841 641 2936 quantum
655 2841 762 2900 vertice
777 2841 813 2900 ad
827 2859 909 2900 aures

103 2922 261 2996 AEtberies,
275 2932 337 2982 tant
358 2943 387 2981 m
400 2924 497 2980 radice
510 2942 540 2978 rn
555 2923 675 2979 Tartara
687 2918 796 2977 tendit:

103 2999 192 3058 Haud
207 2998 292 3064 sectis
306 3000 427 3057 assiduis
441 2999 510 3056 hinc
524 3008 609 3074 atque
622 2998 690 3055 hinc
704 2997 824 3054 vocibus
838 2995 923 3053 heros

103 3078 256 3154 Tunditur,
270 3086 300 3136 et
312 3096 416 3152 magno
430 3078 569 3153 persentit
580 3086 696 3154 pectore
710 3094 809 3134 cures:

103 3155 191 3214 Mens
205 3156 323 3214 immoto
336 3162 449 3226 manet;
470 3155 604 3230 lacrymae
617 3155 772 3213 volvuntur
785 3153 895 3211 inanes.

143 3234 220 3292 Tum
233 3230 302 3293 verd
312 3233 414 3291 infelix
428 3232 492 3296 fatis
506 3233 641 3291 exterrita
654 3232 732 3289 Dido

102 3311 231 3372 Mortem
245 3321 322 3385 orut;
343 3311 432 3371 taedet
445 3311 511 3369 coeli
524 3330 655 3369 couvexs
667 3310 749 3368 tueri.

105 3389 173 3461 Qud
188 3389 278 3467 magis
291 3392 439 3468 inceptum
452 3398 578 3466 peragat,
592 3389 745 3465 lucemque
759 3388 911 3467 relinquat,

104 3468 197 3544 Vidit,
212 3469 394 3528 thuricremis
408 3487 496 3546 quum
510 3468 586 3526 dona
598 3467 760 3544 imponeret
773 3467 838 3544 aris,

105 3545 291 3606 Horrendum
306 3548 401 3607 dictu!
423 3547 523 3606 latices
537 3546 698 3623 nigrescere
712 3565 818 3621 sacros,

104 3624 242 3702 Fusaque
256 3628 286 3684 in
299 3626 466 3684 obscoenum
481 3645 512 3685 se
525 3634 637 3684 vertere
650 3625 719 3683 vine
732 3644 873 3685 cruorem.

106 3702 174 3763 Hoc
186 3704 281 3763 visum
295 3705 376 3781 nulli,
390 3723 448 3763 non
462 3705 518 3783 ipsi
532 3702 618 3763 effata
631 3704 728 3764 sorori.
