2400 4178
115 204 169 260 tat
524 202 703 259 AENEIDOS

116 356 220 426 Quive
233 356 356 431 sequar?
377 353 491 411 Rursus
504 353 672 431 perplexum
686 352 740 411 iter
753 370 838 412 omne
851 352 1016 417 revolvens

115 434 239 492 Fallacia
253 434 342 506 silvae,
357 432 441 489 simul
455 441 484 489 et
496 433 616 507 vestigia
629 442 703 489 retro

115 512 272 573 Observata
285 512 362 587 legit,
377 511 528 587 dumisque
541 510 690 569 silentibus
703 518 786 569 errat.

114 592 204 650 Audit
217 609 315 667 equos,
330 590 408 648 audit
421 591 553 667 strepitus
567 597 596 646 et
608 590 691 664 signa
702 588 884 665 sequentium.

113 670 178 729 Nec
192 671 309 743 longum
322 668 352 725 in
367 669 463 725 medio
475 679 598 745 tempus,
612 688 701 743 quum
715 668 871 727 clamored
884 686 971 729 eures
1036 676 1100 731 895

114 749 259 821 Pervenit,
274 766 308 805 ae
321 747 401 804 videt
415 747 582 823 Euryalum,
596 766 682 823 quem
692 749 753 825 jam
766 766 868 807 manus
881 748 991 825 omnis,

113 828 225 885 Fraude
240 826 294 884 loci
308 835 338 883 et
350 828 451 899 noctis,
466 826 560 883 subito
570 826 701 884 turbante
715 826 847 903 tumultu,

113 907 288 983 Oppressum
303 905 375 980 rapit
389 914 418 963 et
430 913 582 963 conantem
596 905 717 983 plurima
730 903 839 963 frustra.

113 985 191 1055 Quid
206 985 311 1042 saciat?
332 984 388 1059 qud
401 985 430 1041 ri
439 989 587 1063 juvenem,
602 985 704 1060 quibus
717 984 819 1042 audeat
831 983 920 1043 armis

112 1063 256 1140 Eripere?
277 1082 312 1120 an
326 1082 389 1119 sese
404 1065 513 1121 medios
527 1064 676 1121 moriturus
690 1063 719 1119 in
733 1081 816 1120 enses
1034 1070 1097 1125 tuo

112 1142 227 1213 luserat,
242 1152 269 1199 et
283 1141 431 1219 pulchram
445 1151 576 1219 properet
588 1162 640 1218 per
652 1141 770 1200 vulnera
782 1144 927 1201 mortem?

112 1218 200 1278 Ocius
215 1222 336 1278 adducto
351 1230 485 1296 torquens
499 1222 601 1279 hastile
614 1222 730 1295 lacerto,

112 1299 276 1377 Suspicicns
291 1300 375 1357 ultam
389 1300 496 1375 lunam,
511 1301 551 1358 sic
565 1320 637 1358 voce
650 1308 798 1377 precatur:

111 1378 167 1452 Tu,
182 1379 245 1453 dea,
259 1390 289 1436 tu
303 1398 431 1455 praesens
444 1389 540 1438 nostro
554 1398 688 1437 succurre
701 1378 799 1453 labori,

111 1460 258 1515 Astrorum
272 1459 368 1531 decus,
384 1468 412 1516 ct
426 1478 573 1516 nemorum
587 1458 707 1516 Latonia
720 1466 824 1515 custos.
925 1478 929 1487 ·
1036 1466 1098 1523 4⁰5

112 1536 143 1593 Si
157 1557 214 1612 qua
226 1538 282 1594 tuis
297 1556 422 1612 unquam
431 1556 482 1613 pro
496 1557 542 1594 me
556 1546 636 1614 pater
649 1537 679 1593 H
700 1544 793 1594 dacus
806 1536 862 1595 aria

111 1616 196 1672 Dona
210 1616 291 1688 tulit;
314 1616 338 1671 si
352 1635 407 1691 qua
421 1616 482 1692 ipsc
497 1617 568 1673 meis
580 1556 731 1673 venatibus
745 1616 821 1691 auxi,

112 1694 294 1769 suspendive
309 1694 396 1769 tholo,
412 1704 461 1753 aut
474 1715 553 1753 sacra
566 1695 601 1752 ad
615 1695 726 1771 fastigia
739 1695 808 1766 lixi3

111 1772 200 1829 Hunc
215 1774 276 1831 sinc
290 1793 336 1831 me
351 1774 462 1832 turbare
477 1774 603 1850 globum,
618 1784 646 1832 et
660 1794 726 1850 rege
740 1774 796 1832 tela
809 1792 860 1849 per
873 1791 969 1833 auras.

110 1852 249 1925 Dixerat;
272 1862 300 1911 ct
313 1862 372 1911 toto
387 1855 526 1911 connixus
541 1873 660 1931 corpore
672 1853 776 1911 ferrum
873 1846 881 1860 ’
1038 1862 1099 1917 41⁰

110 1931 253 2010 ConJicit:
275 1932 356 1990 lrasta
369 1934 468 1991 volnus
482 1934 573 1991 noctis
590 1932 749 1990 diverberat
760 1930 886 2007 umbras,

110 2010 151 2068 Et
164 2012 243 2070 veuit
257 2012 347 2069 avcrsi
361 2012 390 2069 in
404 2023 516 2087 tergum
531 2011 685 2085 Sulmonis,
699 2011 796 2088 ibique

110 2089 269 2163 Frangitur,
285 2110 317 2147 ac
332 2090 398 2147 fisso
412 2092 510 2149 transit
523 2091 678 2167 precordia
691 2090 777 2165 ligno.

110 2167 242 2226 Volvitur
255 2169 303 2224 illc
317 2188 436 2226 vomens
451 2170 575 2226 calidum
591 2169 626 2224 de
640 2176 757 2245 pectore
769 2167 879 2226 flumen

109 2246 251 2321 Frigidus,
266 2255 295 2304 et
308 2246 400 2321 longis
415 2247 584 2323 singultibus
597 2247 646 2304 ilia
659 2247 760 2324 pulsat
1037 2258 1099 2313 415
1124 2288 1127 2293 -

109 2325 224 2383 Diversi
239 2325 479 2402 circumspiciunt.
503 2368 506 2373 -
521 2327 588 2383 Hoc
603 2327 693 2384 acrior
706 2327 783 2384 idem

109 2402 190 2460 Ecce
205 2405 280 2461 aliud
294 2406 407 2462 summi
421 2398 509 2463 telu'm
523 2405 644 2463 librabat
657 2405 692 2463 ab
707 2423 793 2463 aure:

108 2482 187 2539 Dum
201 2484 351 2560 trepidant,
366 2485 398 2543 iit
411 2485 492 2543 hasta
505 2486 586 2561 Tago
598 2503 650 2562 per
663 2493 778 2562 tempus
791 2490 959 2563 utrumque,

110 2562 247 2638 Stridens,
263 2566 435 2642 tra'ectoque
449 2564 534 2623 haesit
546 2564 688 2642 tepefacta
701 2563 827 2622 cerebro.

109 2641 199 2700 Saevit
213 2651 292 2700 atrox
301 2584 457 2720 l'olscens,
471 2664 526 2703 neo
540 2645 589 2703 teli
603 2644 741 2721 conspicit
754 2660 873 2719 usquam
1034 2654 1099 2709 ω

108 2723 272 2797 Auctorem,
287 2742 341 2781 nec
354 2722 411 2799 qud
426 2743 457 2782 se
471 2727 574 2783 ardens
587 2724 738 2781 immittere
751 2720 858 2798 possit:

108 2799 155 2858 Tu
169 2810 265 2859 tamen
280 2802 389 2860 interea
403 2804 496 2861 calido
510 2804 582 2860 mihi
596 2803 732 2878 sanguine
746 2818 845 2877 poenns

107 2877 258 2938 Persolves
272 2880 429 2955 amborum,
444 2882 543 2957 inquit
587 2882 677 2940 Simul
691 2898 759 2938 ense
773 2878 885 2937 recluso

108 2956 172 3016 Ibat
184 2959 214 3014 in
229 2959 397 3033 Euryalum.
439 2960 517 3016 Tum
531 2957 599 3016 verb
614 2960 773 3034 exterritus,
788 2976 902 3034 amens,

107 3036 277 3094 Conclamat
290 3037 398 3108 Nisus;
419 3056 473 3094 nec
488 3058 519 3095 se
533 3039 625 3096 celare
639 3038 763 3098 tenebris
1032 3048 1100 3105 αὗ·

106 3111 248 3190 Amplius,
264 3123 312 3172 aut
324 3124 433 3173 tantum
446 3117 539 3192 potuit
551 3117 675 3192 perferre
689 3119 835 3175 dolorem:

106 3192 169 3268 Me,
183 3212 248 3265 me;
270 3193 369 3251 adsum
383 3194 431 3270 qui
445 3194 519 3266 leci;
540 3195 570 3251 in
584 3214 631 3250 me
645 3197 801 3255 convertite
813 3195 932 3271 serrum,

108 3271 134 3331 Ο
148 3272 269 3344 Rututi;
290 3291 355 3329 mea
367 3272 443 3329 fraus
457 3274 567 3330 omnis:
589 3273 661 3330 nihil
675 3274 729 3331 iste
742 3294 796 3333 nec
811 3292 908 3350 ausus,

106 3350 172 3410 Nec
206 3351 296 3424 oluit,
318 3350 422 3407 coelum
435 3350 491 3409 boc
504 3358 534 3409 et
546 3351 662 3408 conscia
674 3352 767 3411 sidera
780 3346 887 3412 testor:

107 3371 233 3488 'tandm
246 3429 391 3487 infelicem
404 3427 526 3487 nimium
540 3429 640 3487 dilexit
653 3431 785 3490 amicum.
1004 3490 1008 3497 ,
1031 3442 1099 3501 m
1149 3490 1153 3505 ,

107 3508 191 3566 Talia
204 3509 278 3566 dicta
292 3507 395 3582 dabat,
415 3510 467 3566 sed
479 3507 586 3566 viribus
599 3509 675 3567 ensis
690 3511 804 3571 adactus

107 3585 269 3645 Transabiit
283 3596 385 3663 costas,
399 3595 428 3646 et
440 3586 561 3645 eandida
572 3594 688 3663 pectora
700 3589 813 3666 rumpit

107 3663 240 3724 Volvitur
253 3666 396 3742 Euryalus
409 3665 476 3739 leto,
490 3665 679 3742 pulchrosque
692 3687 744 3744 per
757 3675 832 3725 artus

108 3742 136 3802 It
149 3762 239 3821 cruor,
252 3744 339 3822 inque
352 3744 486 3805 humeros
499 3745 597 3804 cervix
610 3746 737 3823 collapsa
748 3744 916 3805 recumbit:
