2400 4178
118 172 155 231 86
539 168 723 226 AENEIDOS

118 320 307 393 Teucrorum,
322 329 352 378 et
364 318 443 395 genti
457 338 563 377 nomen
578 318 667 393 dedit,
681 336 816 411 armaque
831 316 896 379 fixit

118 400 226 471 Troia,
247 418 324 456 nunc
338 397 453 474 placidi
467 395 632 473 compostus
645 416 718 475 puce
732 396 864 471 quiescit.

116 476 190 551 Nos,
206 488 255 536 tua
267 476 429 553 progenies,
444 476 509 534 coeli
524 476 628 551 quibus
642 476 745 533 annuis
758 494 866 553 arcem,

116 554 148 612 N
149 555 250 614 aribus
267 554 445 631 (infandum)
464 555 586 627 amissis,
600 554 686 611 unius
700 553 737 611 ob
750 554 823 613 irem

115 634 278 708 Prodimur,
293 642 378 709 atquc
393 631 474 691 Italis
486 630 573 707 longe
588 632 780 711 disjungimur
793 634 859 691 oris.

117 710 174 769 llic
209 712 302 770 ietatis
316 712 431 769 honos?
453 710 494 768 sic
508 729 561 769 nos
575 710 604 767 iu
619 721 733 788 sceptra
746 712 882 789 reponis?
942 730 947 741 ¹

156 732 214 848 Olli
227 788 379 847 subridens
393 788 544 848 hominum
558 796 634 847 sator
647 798 732 865 atque
746 790 877 865 deomm,

114 865 206 924 Vultu
222 886 280 942 quo
293 868 399 925 coelum
413 875 472 926 tem
494 876 655 943 estatesque
669 875 791 943 serenat,

115 944 223 1002 Oscula
236 944 337 1003 libauit
350 955 443 1018 natm,
465 888 571 1004 dehinc
585 946 653 1004 talia
665 946 759 1005 latur:

113 1022 205 1081 Parce
219 1031 309 1098 metu,
323 1024 488 1101 Cytherea:
510 1036 629 1083 manent
641 1024 761 1083 immota
772 1032 887 1083 tuorum

114 1101 187 1159 Fata
200 1101 270 1173 tibi3
293 1122 394 1161 cernes
408 1102 508 1163 urbem
524 1112 554 1161 et
565 1103 707 1180 promissa
720 1102 823 1161 Lavini

113 1179 235 1254 Moenia,
250 1180 461 1259 sublimemque
475 1180 549 1240 seres
564 1182 600 1241 ad
614 1181 709 1243 sidem
721 1182 787 1241 coeli

113 1256 333 1348 Magnanimum
347 1259 483 1333 AEnean3
505 1279 599 1337 neque
613 1280 660 1319 me
674 1260 818 1323 sententia
830 1259 925 1319 vertit

113 1336 172 1394 Hic
190 1334 257 1413 (tibi
271 1337 351 1395 labor
364 1338 454 1414 enim,
469 1340 584 1415 quando
597 1339 661 1397 haec
675 1348 704 1398 te
718 1360 787 1400 cura
799 1338 955 1417 remordet,

112 1412 242 1491 Lougiirs
256 1425 285 1475 et
298 1415 418 1476 volvens
431 1418 553 1478 satorum
566 1438 669 1477 areana
682 1418 821 1497 monebo)
1021 1424 1027 1431 “

112 1490 228 1551 Bellum
243 1494 345 1570 ingens
359 1505 440 1571 geret
454 1496 547 1572 Italici,
561 1497 740 1574 populosque
749 1496 864 1563 feroces

111 1570 287 1647 Contundet,
300 1592 450 1649 moresque
464 1574 532 1631 viris
546 1584 576 1635 et
589 1576 696 1633 moenia
708 1584 807 1653 ponet,

102 1648 211 1741 'Tertia
224 1652 291 1708 dum
306 1650 389 1710 Latio
403 1659 571 1729 regnantem
586 1654 690 1713 viderit
703 1664 797 1733 aestas,

112 1726 267 1804 Temeque
278 1730 443 1790 transierint
455 1732 576 1791 Rutulis
588 1733 711 1793 hiberna
724 1734 861 1795 subactis.

104 1808 149 1865 At
158 1826 235 1899 puer
247 1809 403 1887 Ascanius,
421 1812 468 1871 cui
482 1831 559 1872 nunc
573 1832 736 1890 cognomen
751 1814 816 1873 liilo

112 1884 252 1949 ‘eddom
269 1886 346 1971 (ilus
360 1904 430 1973 erm⁷
445 1894 515 1952 dum
526 1912 572 1951 res
586 1893 665 1952 stetit
679 1892 734 1952 llia
746 1891 880 1972 regno),]

105 1954 239 2067 'l'riginta
252 1994 373 2061 magnos
385 1972 539 2039 volvendis
552 1972 701 2032 mensibus
714 1972 798 2029 orbes

109 2068 235 2145 Imperio
249 2062 386 2142 explebit,
402 2070 582 2132 regnumque
596 2051 632 2108 ab
646 2050 716 2109 sede
730 2048 835 2108 Lavini

108 2147 283 2219 Transieret,
298 2151 328 2201 et
340 2142 456 2213 longam
469 2130 561 2191 multi
574 2130 605 2187 vi
619 2128 731 2186 muniet
742 2127 860 2186 Albam.

108 2224 168 2284 Hie
178 2228 240 2304 jam
254 2226 428 2281 tercentum
441 2221 516 2273 totos
530 2206 694 2286 regnabitur
704 2225 796 2264 annos

109 2306 205 2362 Gente
219 2301 274 2361 sub
289 2294 446 2369 Hectorei,
459 2293 553 2350 donee
566 2288 664 2365 regina
680 2285 814 2345 sacerdos

109 2384 204 2441 Marte
218 2379 311 2457 gravis
325 2374 470 2452 geminam
484 2376 566 2449 partu
580 2367 660 2426 dobit
674 2366 727 2424 Ilia
740 2364 860 2443 prolem.

110 2461 182 2519 lude
196 2460 272 2536 lupae
285 2456 365 2514 sulvo
379 2451 498 2511 nutricis
511 2448 639 2525 tegmine
652 2446 737 2504 laetus

108 2538 252 2598 Romulus
266 2533 393 2611 excipiet
405 2538 531 2608 gentem,
546 2535 575 2585 et
587 2526 732 2584 Mavortia
746 2523 853 2583 condet

110 2618 232 2691 Moenia‚
246 2615 452 2688 Romanosque
466 2628 518 2667 suo
532 2607 569 2666 de
583 2606 702 2665 nomine
716 2605 801 2663 dicet.

110 2697 167 2754 His
182 2714 235 2772 ego
250 2712 305 2752 nec
319 2700 412 2751 metas
425 2707 520 2748 rerum
535 2705 591 2745 nec
609 2694 739 2764 tempora
751 2700 845 2760 poam

112 2774 271 2853 Imperium
284 2773 347 2831 sine
361 2771 419 2829 fine
434 2768 509 2826 dedi.
553 2765 633 2837 Quin
647 2782 748 2842 aspera
759 2762 777 2820 J
779 2778 847 2835 uno,

105 2854 187 2925 Quae
199 2871 277 2910 mare
291 2869 369 2909 nunc
382 2857 529 2921 terrasque
543 2854 623 2903 metu
636 2844 800 2915 coelumque
813 2836 922 2913 fatigat,

112 2932 242 2990 Consilia
255 2931 285 2988 in
300 2927 404 2986 melius
418 2925 530 2999 reseret,
546 2938 721 2997 mecumque
734 2916 844 2975 fovebit

111 3010 261 3068 Romanos
275 3025 369 3065 rerum
383 3004 517 3081 dominos
530 2998 706 3078 gentemque
719 3003 856 3071 togatam.

114 3089 163 3146 Sic
176 3087 322 3164 placitum.
364 3082 473 3141 Veniet
486 3081 581 3139 lustris
594 3075 758 3136 labentibus
772 3082 852 3148 aetas,
895 3128 898 3133 .

115 3166 215 3239 Quum
230 3165 333 3223 domus
346 3161 481 3220 Assaraci
495 3158 633 3218 Phthiam
647 3154 797 3228 clarosque
811 3153 954 3229 Mycenas

115 3245 238 3303 Servitio
251 3249 373 3321 premet,
388 3259 422 3299 ac
435 3239 520 3297 victis
534 3232 728 3294 dominabitur
740 3231 836 3308 Argis.

114 3326 258 3383 Nascetur
270 3319 393 3399 pulchri
406 3318 550 3395 Trojanus
564 3313 673 3388 origine
687 3311 796 3385 Caesar,

116 3402 275 3479 lmperinm
288 3417 407 3472 oceano,
420 3396 525 3454 lamam
539 3392 590 3470 qui
602 3390 736 3450 terminet
749 3388 841 3465 astris,

113 3481 217 3556 Julius,
230 3499 248 3538 a
260 3496 364 3555 magno
379 3474 536 3534 demissum
550 3488 656 3529 nomen
671 3468 745 3527 liilo.

115 3561 205 3622 Hune
218 3567 250 3616 tu
263 3558 332 3615 olim
347 3555 430 3628 ooelo,
445 3551 544 3629 spoliis
558 3547 685 3609 Orientis
699 3554 845 3622 onustum,

116 3636 252 3715 Accipies
265 3654 384 3695 secura:
406 3630 554 3691 vocabitur
566 3628 615 3686 hic
628 3646 744 3703 quoque
756 3625 841 3685 votis.

109 3719 228 3798 Aspera
240 3724 302 3775 tum
313 3712 415 3793 positis
428 3709 581 3769 mitescent
595 3706 701 3767 saecula
713 3705 807 3766 bellis.
