2400 4178
421 227 424 232 ’
448 216 451 223 ’
489 217 607 304 mann
626 218 704 274 vnr.

107 362 210 425 Visus.¹
247 365 325 424 Eum
338 363 433 424 tenuis
447 366 549 441 glauco
562 329 677 424 velabat
690 364 796 423 amictu

108 443 260 519 carbasus,
276 451 305 501 et
318 444 411 501 crines
424 443 559 501 umbrosa
572 443 688 518 tegebat
701 443 819 500 arundo.

107 521 185 579 Tum
199 522 240 579 sic
254 520 343 597 affari,
358 529 388 579 et
400 540 485 589 curas,
495 521 541 580 his
555 523 671 579 demere
685 521 785 578 dictis:

146 599 172 658 Ο
187 606 346 674 satagente
360 599 457 675 deirm,
472 600 627 678 Trojauam
641 619 681 656 ex
693 598 824 657 hostibus
838 598 940 658 urbem

108 676 169 747 Qui
182 676 296 735 revehis
309 675 403 753 nobis,
419 685 582 754 aeternaque
596 677 738 753 Pergama
751 696 857 752 servas,

106 753 282 832 Exspectate
296 755 357 812 solo
370 756 508 814 Laurenti
522 756 653 830 arvisque
666 755 800 830 Latinis,

106 831 165 890 Hic
179 833 231 892 tibi
245 841 323 890 certa
337 833 459 905 domus;
484 834 564 907 certi,
578 852 616 890 ne
632 833 747 907 absiste,
761 833 904 905 Penates;

105 909 175 968 Neu
188 910 258 967 belli
271 918 378 969 terrere
392 911 496 967 minis:
519 916 614 966 tumor
628 910 721 967 omnis
736 917 766 967 et
778 910 828 965 irae
877 929 880 933 ’

106 985 291 1045 Concessere
306 985 403 1043 deirm.
786 1009 795 1023 ·

104 1063 229 1139 Jamque
244 1062 306 1137 tibi,
322 1081 359 1119 ne
373 1081 447 1120 vana
459 1072 543 1139 putes
557 1063 621 1120 haec
634 1063 744 1137 fingere
758 1081 901 1137 somnum,

106 1142 242 1198 Littoreis
256 1141 358 1214 ingens
373 1140 491 1198 inventa
504 1141 558 1198 sub
572 1139 687 1198 ilicibus
702 1159 761 1214 sus,

106 1218 241 1293 Triginta
254 1217 382 1293 capitum
393 1217 479 1275 foetus
494 1218 589 1293 enixa,
600 1217 717 1295 jacebit,

95 1293 190 1372 Alba,
206 1295 266 1353 solo
280 1293 429 1370 recubans,
441 1294 498 1352 albi
512 1296 620 1352 circum
634 1293 723 1352 ubera
736 1295 803 1352 nati.
854 1322 857 1327 ·

111 1373 185 1448 [Hic
199 1374 279 1432 locus
293 1373 372 1430 urbis
387 1374 449 1448 erit,
463 1374 578 1450 requies
592 1393 627 1431 ea
639 1381 717 1431 certa
729 1372 858 1430 laborum
871 1372 894 1448 z]

106 1453 156 1509 Ex
170 1471 225 1528 quo
240 1460 283 1509 ter
294 1451 377 1509 denis
391 1451 493 1509 urbem
508 1451 693 1510 redeuntibus
708 1450 790 1508 annis

106 1532 250 1588 Ascanius
264 1529 332 1587 clari
345 1530 451 1588 condet
464 1531 642 1607 cognominis
656 1528 771 1587 Albam.

107 1607 196 1665 Haud
210 1610 318 1667 incerta
331 1606 413 1664 carro.¹
457 1609 546 1666 Nunc
558 1610 616 1686 qud
631 1609 740 1666 ratione
755 1607 831 1684 quod
845 1607 933 1665 instat
996 1676 999 1680 Ι

107 1684 256 1762 Expedias
271 1685 370 1759 victor,
384 1687 493 1762 paucis,
508 1689 633 1761 adverte,
648 1685 767 1745 docebo.

107 1764 235 1822 Arcades
248 1764 293 1820 his
307 1763 373 1837 oris,
387 1782 477 1838 genus
492 1784 509 1821 a
521 1763 652 1822 Pallante
665 1764 835 1841 profectum,
984 1824 986 1831 ,

109 1840 169 1911 Qui
182 1861 280 1917 regem
294 1841 464 1899 Evandrum
478 1842 607 1919 comites,
623 1843 673 1917 qui
686 1842 768 1917 signa
781 1840 884 1917 secuti,
971 1913 973 1917 4
1074 1910 1084 1919 f

107 1918 252 1997 Delegdre
263 1920 368 1993 locum,
384 1928 414 1977 et
425 1918 548 1996 posudre
562 1920 592 1977 in
606 1920 752 1978 montibus
767 1917 878 1994 urbem,

106 1997 246 2057 Pallantis
259 1997 359 2075 proavi
373 1998 409 2055 de
423 1999 541 2057 nomine
555 1998 746 2056 Pallanteum.
903 1997 907 2004 ’

106 2076 149 2133 Ηί
162 2076 271 2135 bellum
286 2073 402 2134 assidue
418 2077 526 2136 ducunt
539 2095 606 2135 cum
620 2085 706 2153 gente
720 2075 842 2149 Latinai3

47 2215 51 2220 ,
106 2154 170 2214 Hos
184 2156 283 2215 castris
298 2154 402 2213 adhibe
417 2156 519 2231 socios,
534 2165 563 2214 et
576 2156 684 2214 foedera
692 2157 793 2234 junge.

107 2232 173 2310 Ipse
188 2253 241 2311 ego
255 2243 284 2293 te
298 2234 366 2310 ripis
381 2242 410 2292 et
423 2242 502 2292 recto
515 2234 634 2292 flumine
649 2235 762 2308 ducam,

105 2311 267 2371 Adversum
281 2313 367 2372 remis
381 2331 498 2389 superes
511 2314 667 2370 subvectus
680 2317 713 2371 u't
726 2329 851 2369 amnem.

108 2389 209 2465 Surge,
225 2409 287 2465 age,
301 2400 368 2449 nate
382 2390 455 2463 dei3
476 2391 633 2467 primisque
647 2388 816 2448 cadentibus
830 2387 936 2464 asnis,-

105 2466 213 2524 Junoni
225 2467 268 2525 fer
281 2465 333 2525 rite
347 2486 459 2544 preces,
468 2469 601 2543 iramque
615 2469 764 2542 minasque

108 2542 292 2619 Supplicibus
306 2562 408 2620 supera
421 2545 512 2602 votis:
534 2545 607 2602 mihi
619 2546 710 2603 victor
722 2544 861 2602 honorem
991 2614 997 2623 Ι

106 2620 267 2678 Persolves.
308 2622 374 2697 Ego
389 2639 463 2695 sum,
477 2621 563 2697 pleno
577 2639 663 2698 quem
676 2621 795 2679 flumine
809 2620 904 2677 cernis

93 2699 401 2777 *stringentem-ripas,
416 2706 446 2756 et
458 2699 577 2775 pinguia
590 2698 666 2756 culta
679 2705 836 2771 secantem,

106 2778 256 2836 Caenrleus
270 2775 385 2855 Tybris,
400 2775 474 2834 coelo
487 2777 663 2853 gratissimus
677 2776 778 2834 amnis.

105 2855 165 2914 Hic
179 2855 251 2913 milri
264 2875 369 2932 magna
382 2856 497 2930 domus,
509 2855 594 2914 celsis
608 2862 694 2932 caput
706 2852 831 2911 urbibus
839 2852 908 2911 exit.

144 2934 245 3007 Dixit,
260 2933 366 2992 deinde
379 2934 444 2991 lacu
458 2934 565 2992 fluvius
579 2953 610 2993 se
624 2932 753 2991 condidit
766 2931 833 3006 alto,
920 2990 923 2997 ,

106 3012 169 3071 Ima
181 3020 301 3089 petens:
323 3031 383 3070 nox
397 3011 515 3069 AEnean
529 3014 704 3086 somnusque
718 3009 840 3085 reliquit.

107 3090 222 3166 Surgit3
245 3098 283 3164 et,
298 3089 409 3163 aetherii
423 3098 556 3166 spectans
570 3089 691 3146 orientia
704 3087 772 3144 solis

106 3169 240 3242 Lumina,
255 3165 307 3226 rite
323 3167 401 3225 cavis
415 3167 523 3224 undam
537 3167 574 3224 de
587 3165 706 3224 flumine
719 3164 822 3242 palmis

108 3245 238 3319 Sustulit,
253 3265 286 3303 ac
299 3245 371 3302 tales
385 3243 507 3303 effundit
521 3243 556 3301 ad
571 3243 678 3301 aetbera
691 3261 796 3301 voces:
1048 3247 1086 3298 70

106 3322 264 3400 Nympha,
279 3323 439 3380 Laurentes
453 3321 611 3399 Nymphae,
625 3339 717 3398 genus
731 3319 865 3378 amnibus
878 3319 956 3377 unde
970 3325 1023 3394 est,
1128 3342 1131 3349 ·
1167 3340 1171 3349 ·

107 3401 221 3478 Tuque,
236 3419 253 3457 o
267 3398 358 3476 Tybri
370 3406 421 3457 tuo
434 3400 545 3476 genitor
557 3418 624 3458 cum
638 3398 758 3457 flumine
772 3405 880 3471 sancto,

106 3478 240 3555 Accipite
254 3477 381 3553 AEnean,
395 3484 425 3536 et
437 3479 554 3536 tandem
568 3486 662 3537 arcete
676 3476 800 3554 periclis.

109 3559 178 3630 Quo
191 3564 220 3615 te
234 3574 358 3632 cumque
371 3555 452 3614 lacus
466 3553 846 3616 miserantemincommoda
858 3560 955 3611 nostra

107 3637 202 3696 Fonte
215 3641 303 3709 tenet,
317 3651 500 3711 quocumque
514 3634 575 3694 solo
587 3631 796 3712 pulcherrimus
810 3629 882 3706 exis,
1049 3633 1087 3688 75

109 3719 231 3796 Semper
243 3713 353 3851 hqqope
366 3731 441 3790 meo,
455 3731 570 3792 semper
582 3709 764 3772 celebrabere
778 3709 872 3785 donis,
