2400 4178
272 60 292 97 ν
322 48 325 54 ,

513 162 631 227 uuna
650 124 699 222 vr
913 161 944 222 r
1025 162 1100 228 m

108 319 248 378 Necnon
264 313 373 375 AEneas
388 334 476 394 opera
490 316 565 378 inter
577 317 647 375 talia
658 315 768 394 primus

108 397 249 455 Hortatur
262 395 366 470 socios,
379 393 557 473 paribusque
572 395 730 470 accingitur
744 394 846 460 armis:

107 477 205 552 Atque
219 474 282 532 baec
293 475 355 550 ipsc
369 492 421 530 suo
435 474 508 532 tristi
521 492 587 532 cum
601 474 688 531 corde
702 472 823 549 volutat,
1041 474 1098 537 185

107 553 290 630 Adspectans
304 551 601 626 ailvamimmcnsam,
617 561 646 611 et
656 551 698 609 sic
711 570 785 611 voce
799 559 951 630 precatur:

110 631 142 690 si
155 651 233 690 nunc
247 649 279 689 se
293 629 377 689 nobis
390 629 439 688 ille
454 650 558 688 aureus
572 631 672 689 arbore
686 649 781 693 ramus

108 709 251 769 Ostendat
264 727 383 767 nemore
397 707 427 766 in
438 712 535 768 tanto!
558 709 674 785 quando
688 709 786 767 omnia
798 706 878 785 verd,

108 788 195 846 Heu!
217 784 341 846 nimium
354 787 391 847 de
405 795 434 849 te
448 796 540 864 vates,
554 787 793 862 Misene,*locuta
806 795 861 847 cst

107 866 168 924 Vix
183 885 218 926 ea
230 867 304 925 fatus
318 874 388 943 erat,
403 866 529 942 gemine
543 885 632 943 quum
646 864 719 924 fortd
734 865 881 924 columbae
1042 871 1096 926 190

108 944 176 1023 Ipsa
190 944 243 1003 sub
258 965 309 1003 ora
320 944 376 1005 viri
390 944 463 1002 coelo
477 941 585 1005 vendre
599 944 740 1018 volantes,

108 1024 150 1082 Et
161 1024 247 1081 viridi
261 1021 364 1084 sedere
378 1022 450 1080 solo.
491 1021 568 1080 Tum
583 1022 728 1079 maximus
742 1021 840 1080 beros.

108 1101 257 1159 Maternus
272 1099 402 1176 agnoscit
415 1118 492 1174 aves,
508 1100 648 1178 laetusque
663 1107 811 1176 precatur:
914 1138 916 1142 r
981 1132 987 1141 -

108 1178 182 1238 Este
197 1180 295 1252 duces,
312 1197 340 1252 o,
354 1177 379 1235 si
392 1198 450 1255 qua
461 1178 510 1237 ria
522 1187 576 1253 est,
591 1197 764 1255 cursumque
777 1196 830 1256 per
843 1197 926 1237 auras

108 1257 233 1332 Dirigite
247 1257 277 1313 in
291 1255 373 1315 lucos
387 1256 436 1316 ubi
450 1256 589 1333 pinguem
603 1257 686 1325 dives
699 1265 802 1334 opacat
1041 1261 1096 1314 195

107 1335 220 1395 Romus
233 1333 363 1393 humum.
406 1336 521 1412 Tuque,
536 1355 565 1410 0,
578 1334 673 1407 dubiis
686 1354 725 1395 ne
738 1335 831 1396 defice
845 1333 939 1411 rebus,

108 1414 185 1471 Diva
198 1431 311 1490 pareus.
355 1413 404 1473 Sic
419 1413 532 1489 effatus,
547 1414 669 1508 vestigia
681 1413 795 1491 pressit,

109 1492 274 1551 Observans
289 1510 354 1568 quae
369 1493 452 1568 signa
464 1491 566 1568 ferant,
581 1513 640 1571 quo
654 1493 774 1571 tendere
787 1501 918 1571 pergant

108 1570 337 1628 Pascentesillae
352 1567 462 1630 untdm
476 1571 591 1648 prodire
603 1572 728 1634 volando

110 1646 258 1720 Quantirm
273 1649 335 1705 acie
348 1657 467 1726 possent
480 1650 558 1711 oculi
572 1667 686 1710 servare
700 1648 883 1728 sequeutim.

109 1726 194 1801 Inde,
208 1726 259 1783 ubi
273 1724 380 1787 vendre
395 1727 432 1789 ad
445 1727 545 1787 fauces
558 1728 749 1803 graveolentis
763 1728 883 1803 Averni,

109 1805 229 1862 Tollunt
242 1823 273 1862 se
288 1805 415 1879 celeres;
437 1805 636 1883 liquidumque
650 1825 702 1883 per
716 1810 783 1867 abra
795 1806 894 1886 lapsae,

111 1883 235 1940 Sedibus
250 1883 354 1960 optatis
367 1884 491 1960 gemina
506 1903 593 1961 super
606 1884 706 1944 arbore
720 1885 826 1961 sidunt,

110 1962 245 2030 Discolor
258 1962 336 2020 unde
351 1963 411 2022 auri
424 1980 477 2041 per
490 1982 583 2023 ramos
598 1982 668 2025 aura
680 1962 799 2024 refulsit

110 2039 205 2111 Quale
219 2040 292 2098 solet
306 2040 385 2098 silvis
399 2041 522 2104 brumali
535 2040 640 2118 frigore
654 2041 766 2102 viscum

107 2119 224 2180 Fronde
238 2120 330 2178 virere
344 2120 429 2195 novt,
444 2120 521 2197 quod
535 2139 594 2178 non
608 2139 661 2179 sua
674 2121 797 2182 seminat
810 2119 903 2197 arbos,
978 2157 982 2167 =

108 2198 149 2270 Et
162 2217 264 2256 croceo
278 2198 348 2257 foetu
362 2205 469 2259 teretes
483 2199 661 2260 circumdare
674 2207 791 2258 truncos
805 2220 811 2257 :

108 2275 189 2334 Talis
203 2285 263 2335 erat
275 2277 388 2353 species
402 2278 463 2336 auri
476 2276 635 2338 frondentis
649 2279 742 2356 opacis

108 2353 179 2412 llice
191 2375 199 2427 ;
221 2355 262 2412 sic
276 2355 335 2412 leni
350 2355 507 2432 crepitabat
519 2356 636 2416 bractea
648 2365 744 2417 vento.
846 2353 848 2357 ’
919 2409 922 2415 ,

108 2433 236 2508 Corripit
248 2432 359 2492 AEneas
373 2433 531 2510 extemplo,
546 2435 705 2512 avidusque
719 2435 848 2512 refringit

108 2511 313 2583 Cunctantem,
328 2519 358 2568 et
371 2512 444 2587 vatis
456 2519 551 2586 portat
561 2511 615 2570 sub
628 2521 705 2571 tecta
720 2512 848 2588 Sibyllae.

147 2587 179 2644 N
180 2605 214 2643 ec
228 2584 324 2644 minda
337 2587 448 2646 interea
464 2589 613 2650 Misenum
627 2591 657 2647 in
671 2590 766 2649 littore
781 2586 888 2648 Teucri

108 2664 242 2738 Flebant,
258 2672 287 2721 et
300 2664 390 2722 cineri
404 2665 514 2739 ingrato
528 2684 664 2741 suprema
676 2666 816 2726 ferebant.

108 2742 256 2819 Principio
270 2742 410 2819 pinguem
423 2742 506 2820 taedis
520 2751 549 2802 et
562 2743 663 2802 robore
677 2752 756 2802 secto

109 2821 261 2897 Ingentem
276 2819 405 2891 snuxdre
419 2840 539 2899 pyram;
561 2822 610 2880 cui
622 2821 770 2885 frondibus
784 2823 852 2882 atris
922 2857 925 2860 ·

108 2899 247 2961 Intexunt
260 2899 358 2974 latera,
373 2908 403 2961 et
415 2899 518 2962 ferales
532 2898 598 2961 autb
614 2919 764 2978 cupressos

108 2979 305 3055 Constituuut,
320 2979 513 3055 decorantque
527 2977 615 3058 super
627 2980 804 3056 fulgentibus
814 2980 913 3042 armis.

107 3057 179 3116 Pars
192 3057 302 3116 calidos
314 3057 414 3118 latices
429 3065 459 3120 et
472 3057 566 3117 ahena
577 3059 717 3119 undantia
728 3059 852 3119 flammis

108 3136 288 3214 Expediunt,
303 3155 464 3214 corpusque
476 3136 574 3199 lavant
586 3137 716 3214 frigentis
730 3147 759 3198 et
772 3147 894 3215 ungunt

108 3215 158 3273 Fit
170 3214 314 3291 gemitus:
336 3224 397 3275 tum
411 3215 541 3277 membra
554 3216 735 3277 torodcfleta
748 3225 910 3295 reponunt;

108 3292 329 3371 Purpureusque
342 3293 430 3373 super
442 3302 548 3372 vestes,
562 3296 707 3355 velamina
718 3305 796 3373 nota,
854 3355 857 3360 .

109 3371 285 3449 conjiciunt
326 3373 398 3454 lffars
410 3374 521 3450 ingenti
534 3373 649 3436 subiere
662 3375 776 3451 feretro,

86 3491 89 3496 -
109 3449 206 3511 'I'riste
219 3450 421 3527 ministerium,
436 3461 467 3513 et
478 3453 638 3532 subjectam
650 3470 730 3512 more
743 3451 896 3531 parentiim

108 3529 215 3590 Aversi
227 3528 348 3589 tenuere
361 3531 455 3592 facem
467 3552 474 3590 τ
496 3541 635 3609 congesta
647 3540 814 3590 cremantur

109 3608 230 3668 Tbnrea
243 3609 328 3686 dona,
342 3610 442 3687 dapes,
455 3610 519 3671 fuso
533 3619 658 3672 crateres
671 3611 757 3670 olivo.

108 3686 267 3775 {pstquam
281 3687 401 3800 collapsi
414 3688 537 3770 cineres,
552 3698 582 3752 at
593 3691 710 3749 flamma
723 3686 844 3768 quierit,
