2370 4176
99 186 138 241 es
449 180 736 263 caoncrqonuu

103 332 211 410 Rsptnt
224 349 319 388 amor:
344 333 421 390 'uvat
433 330 476 389 ire
485 331 574 409 jugis,
588 328 647 408 qui
659 330 741 390 nulla
752 334 880 411 priorum

104 410 261 470 Castaliam
275 351 355 466 moll
369 409 525 469 devertitur
538 409 630 467 orbita
644 409 729 467 clive

102 489 135 547 N
135 508 202 564 unc,
217 487 381 545 veneranda
393 485 489 562 Pales,
504 506 609 563 magno
622 506 699 545 nunc
713 507 762 545 ore
775 490 948 551 sonandum.

144 566 301 643 Incipiens,
315 564 434 623 stabulis
448 567 532 624 edico
543 567 576 625 in
589 563 724 623 mollibus
737 565 857 627 herum

104 645 231 722 Carpere
245 661 324 718 oves,
339 644 409 701 dum
424 662 492 701 mox
505 644 641 703 frondosa
652 644 801 703 reducitur
812 655 914 721 aestas3

104 722 145 780 Et
158 722 248 780 multi
262 722 364 780 duram
376 720 482 800 stipnli
496 720 664 799 filicumque
676 723 810 859 mnn‘quis
825 756 828 761 ·

106 801 240 859 Sternere
254 799 351 858 subter
364 800 496 874 humum,
510 800 617 876 glacies
630 817 668 857 ne
681 800 747 877 frigi
767 801 884 862 alsedat

103 878 198 936 Molle
211 897 311 955 pecus,
326 878 513 956 scabiemque
526 878 607 952 serat,
621 886 777 955 turpesque
790 881 941 972 podagrus.

104 954 185 1030 Pbst,
200 957 268 1013 hinc
283 957 437 1032 digressus,
447 957 537 1035 jubeo
551 957 713 1014 frondentia
726 975 818 1035 cupns

105 1036 217 1093 Arbute
230 1035 371 1109 sufficere,
386 1044 416 1093 et
428 1035 531 1093 fluvios
544 1033 673 1112 praebere
687 1045 835 1110 recentes3

106 1114 147 1172 Et
160 1113 271 1173 stabula
285 1133 301 1170 e
314 1114 409 1171 ventis
421 1112 543 1171 hiberno
557 1131 702 1188 opponere
719 1113 773 1170 soli

105 1192 153 1248 Ad
167 1191 294 1248 medium
309 1209 447 1251 conversa
460 1192 555 1263 diem3
576 1200 666 1266 quum
678 1190 798 1265 frigidus
812 1191 882 1250 olim

104 1269 169 1327 Jsm
184 1269 269 1344 cedit,
285 1279 472 1346 extremoque
486 1269 588 1326 irrorat
601 1268 744 1344 Aquarius
754 1288 843 1327 nuno.

147 1347 203 1404 Hae
218 1367 333 1424 quoque
348 1367 405 1405 non
420 1348 488 1405 curri
502 1346 585 1404 nobis
599 1346 706 1405 leviore
720 1347 853 1419 tuendse3

106 1425 137 1484 N
139 1444 173 1482 ec
187 1427 280 1483 minor
293 1445 362 1484 usus
376 1427 438 1499 erit,
453 1425 584 1502 quamvis
597 1424 715 1484 Milesia
728 1443 832 1500 magno

107 1502 225 1560 Vellere
239 1513 395 1578 mutentur,
411 1504 514 1578 Tyrios
528 1503 641 1560 incocta
653 1501 779 1560 rubores.

108 1581 235 1638 Densior
248 1582 317 1638 hinc
331 1581 455 1655 soboles,
470 1581 539 1637 binc
552 1579 623 1655 largi
637 1580 721 1656 copia
733 1580 824 1638 lectis.

109 1656 207 1730 Quum
222 1657 313 1735 magis
328 1658 469 1718 exhausto
483 1658 658 1736 spumaverit
670 1658 902 1735 ubere-mulctra,

108 1737 191 1794 Laeta
203 1734 294 1832 magis
307 1738 413 1814 pressis
427 1736 586 1795 munabuut
598 1737 718 1794 flumine
731 1737 872 1794 mammis.
995 1735 1001 1745 ’

107 1815 174 1874 Nec
189 1816 284 1873 minus
298 1817 409 1875 interea
420 1815 523 1873 barbas
537 1815 698 1892 incanaque
712 1823 811 1874 menta

109 1888 248 1970 Cinyphii
263 1895 384 1953 tondent
397 1894 636 1970 hircissaetusque
650 1901 807 1967 comantes,

109 1971 204 2030 Usum
219 1972 249 2030 in
264 1981 431 2048 castrorum,
446 1981 475 2031 et
488 1971 599 2030 miseris
612 1972 756 2030 velamina
769 1971 874 2030 nentis.

109 2049 271 2109 Pascuntur
284 2049 353 2109 verb
367 2051 463 2125 silvas,
478 2059 507 2109 et
520 2068 634 2121 summa
646 2050 756 2125 Lycei,

110 2128 328 2205 Horrentesque
342 2128 438 2202 rubos,
453 2136 482 2185 et
495 2135 625 2185 amantes
639 2128 727 2184 ardus
740 2127 860 2199 dum0s;

109 2209 206 2282 Atque
220 2207 290 2284 ipsse
306 2225 447 2265 memores
460 2206 583 2263 redeunt
594 2205 625 2262 in
639 2212 724 2278 tecta,
738 2223 863 2280 suosque

16 2300 24 2311 ·
110 2285 239 2358 Ducunt,
254 2293 283 2342 et
297 2285 413 2359 gravido
427 2291 564 2359 superant
575 2282 627 2339 vix
640 2282 729 2340 ubere
741 2282 840 2341 limen.

111 2362 190 2456 Ergo
205 2363 284 2419 omni
297 2362 392 2419 studio
406 2362 528 2436 glaciem
541 2369 701 2437 ventosque
715 2360 836 2436 nivales,

112 2440 179 2511 Quo
194 2441 287 2498 minor
301 2448 345 2497 est
357 2438 414 2496 illis
429 2459 505 2497 curae
520 2438 646 2496 mortalis
661 2447 783 2514 egestus,
807 2461 811 2469 ’

110 2521 253 2591 Avertes;
274 2518 440 2594 victumque
453 2518 527 2577 seres
542 2527 571 2576 et
583 2517 682 2593 virgea
694 2517 777 2575 laetns
793 2544 795 2549 ·
863 2532 866 2536 ·

111 2595 231 2670 Pabula,
245 2615 301 2654 nec
314 2597 374 2656 tobi
388 2597 505 2655 clsudes
519 2595 628 2655 foenilis
640 2597 752 2654 brumis.

110 2676 152 2733 At
163 2671 243 2749 verb,
256 2675 392 2752 zephyris
405 2695 494 2752 quum
510 2675 577 2735 lucta
591 2675 760 2734 vocantibus
774 2681 857 2732 cestus
955 2716 957 2720 ,
1038 2709 1043 2716 ·

112 2751 148 2810 In
162 2753 250 2812 saltus
264 2762 416 2831 utrumqu'e
430 2765 546 2830 gregem
562 2761 648 2829 atque
660 2755 690 2810 in
703 2773 812 2830 pascue
824 2751 927 2828 mittet,

89 2892 92 2897 ⁴
112 2831 239 2890 Luciferi
252 2833 350 2909 prime
359 2853 425 2890 cum
438 2833 532 2891 sidere
546 2832 649 2906 frigida
662 2849 728 2888 rura
936 2906 940 2911 Ι

113 2909 281 2986 Carpsmus,
297 2910 365 2967 dum
380 2928 465 2967 mane
478 2928 596 2982 novum,
610 2909 679 2966 dum
692 2907 822 2983 gramina
833 2915 949 2984 cenent,

113 2987 154 3043 Et
166 3007 212 3044 ros
226 2988 256 3042 in
271 2988 370 3045 teneri
382 2986 480 3063 pecori
493 2987 670 3061 gratissimus
683 2984 783 3043 berbi.

113 3062 196 3138 Inde,
211 3063 261 3121 ubi
274 3062 463 3197 ‘inaffffim
477 3065 543 3121 coeli
556 3063 704 3140 collegerit
716 3063 797 3137 horu,
823 3071 825 3075 '

113 3140 154 3199 Et
167 3149 252 3198 cantu
265 3162 322 3218 que
369 3160 393 3198 ae
407 3149 542 3217 rumpent
555 3141 671 3201 arbusta
683 3140 802 3221 cicedae,

113 3220 161 3276 Ad
173 3227 276 3296 puteos
290 3227 340 3277 aut
353 3219 410 3276 elta
422 3237 523 3294 greges
537 3219 573 3276 ad
586 3227 688 3294 stagna
696 3217 800 3295 jubeto

34 3362 38 3369 ,
72 3295 75 3299 ’
114 3297 285 3354 Currentem
299 3296 395 3372 ilignis
407 3304 507 3374 potare
521 3295 668 3354 cunalibus
681 3296 808 3363 undum:

114 3376 246 3434 AEstibus
260 3385 289 3434 at
301 3374 405 3433 mediis
418 3372 581 3449 umbrosam
596 3373 748 3450 exquirere
760 3373 877 3450 vellem,
955 3412 957 3417 ·

116 3454 215 3517 Sicubi
229 3473 333 3529 magna
344 3453 425 3510 lovis
439 3451 558 3530 entique
572 3451 673 3509 robore
687 3469 808 3528 quercus

115 3531 251 3607 Ingentes
265 3533 364 3589 tendat
376 3549 478 3604 ramos,
493 3539 542 3588 aut
555 3529 647 3587 sicubi
660 3530 773 3606 nigrum
809 3558 812 3563 ·

50 3664 54 3673 ,
115 3609 234 3667 Ilicibus
247 3608 354 3667 crebris
368 3609 448 3668 secui
461 3626 563 3666 nemus
577 3606 699 3667 secubet
711 3607 814 3666 umbri
823 3626 839 3664 τ’

115 3687 192 3744 Tum
206 3695 307 3745 tenues
322 3689 389 3745 dare
403 3705 499 3745 rursus
513 3705 610 3764 aquus,
625 3695 654 3745 et
664 3706 786 3765 pascere
799 3705 905 3764 rursus,
