<?xml version="1.0" encoding="UTF-8"?>
<!DOCTYPE html PUBLIC "-//W3C//DTD XHTML 1.0 Transitional//EN"
    "http://www.w3.org/TR/xhtml1/DTD/xhtml1-transitional.dtd">
<html xmlns="http://www.w3.org/1999/xhtml" xml:lang="en" lang="en">
 <head>
  <title>
</title>
<meta http-equiv="Content-Type" content="text/html;charset=utf-8" />
  <meta name='ocr-system' content='tesseract 3.04.00' />
  <meta name='ocr-capabilities' content='ocr_page ocr_carea ocr_par ocr_line ocrx_word'/>
</head>
<body>
  <div class='ocr_page' id='page_1' title='image "./bucolicageorgic02virggoog/bucolicageorgic02virggoog_0156.png"; bbox 0 0 2400 4178; ppageno 0'>
   <div class='ocr_carea' id='block_1_1' title="bbox 511 162 1099 252">
    <p class='ocr_par' dir='ltr' id='par_1_1' title="bbox 511 162 1099 252">
     <span class='ocr_line' id='line_1_1' title="bbox 511 162 1099 252; baseline 0.007 -12"><span class='ocrx_word' id='word_1_1' title='bbox 511 185 633 241; x_wconf 80' lang='lat' dir='ltr'><strong>nram</strong></span> <span class='ocrx_word' id='word_1_2' title='bbox 652 173 687 240; x_wconf 73' lang='lat' dir='ltr'><strong>r.</strong></span> <span class='ocrx_word' id='word_1_3' title='bbox 925 213 928 218; x_wconf 92' lang='lat'>-</span> <span class='ocrx_word' id='word_1_4' title='bbox 980 246 984 252; x_wconf 72' lang='grc'><strong>,</strong></span> <span class='ocrx_word' id='word_1_5' title='bbox 1034 162 1099 245; x_wconf 69' lang='lat' dir='ltr'><strong>uta</strong></span> 
     </span>
    </p>
   </div>
   <div class='ocr_carea' id='block_1_2' title="bbox 85 331 1099 3790">
    <p class='ocr_par' dir='ltr' id='par_1_2' title="bbox 114 331 1099 414">
     <span class='ocr_line' id='line_1_2' title="bbox 114 331 1099 414; baseline 0.002 -21"><span class='ocrx_word' id='word_1_6' title='bbox 114 335 264 411; x_wconf 82' lang='lat' dir='ltr'>Sergestus</span> <span class='ocrx_word' id='word_1_7' title='bbox 277 334 355 411; x_wconf 81' lang='lat' dir='ltr'><strong>capit</strong></span> <span class='ocrx_word' id='word_1_8' title='bbox 368 331 433 392; x_wconf 75' lang='lat' dir='ltr'><strong>ante</strong></span> <span class='ocrx_word' id='word_1_9' title='bbox 448 334 554 410; x_wconf 90' lang='lat' dir='ltr'><strong>locum,</strong></span> <span class='ocrx_word' id='word_1_10' title='bbox 568 335 745 413; x_wconf 79' lang='lat' dir='ltr'>scopuloque</span> <span class='ocrx_word' id='word_1_11' title='bbox 758 335 949 414; x_wconf 75' lang='lat' dir='ltr'><strong>propinquat:</strong></span> <span class='ocrx_word' id='word_1_12' title='bbox 1040 338 1099 395; x_wconf 75' lang='grc'><strong>185</strong></span> 
     </span>
    </p>

    <p class='ocr_par' dir='ltr' id='par_1_3' title="bbox 107 413 805 491">
     <span class='ocr_line' id='line_1_3' title="bbox 107 413 805 491; baseline -0.001 -19"><span class='ocrx_word' id='word_1_13' title='bbox 107 413 178 472; x_wconf 79' lang='lat' dir='ltr'><strong>Nec</strong></span> <span class='ocrx_word' id='word_1_14' title='bbox 191 413 252 472; x_wconf 75' lang='lat' dir='ltr'><strong>tota</strong></span> <span class='ocrx_word' id='word_1_15' title='bbox 262 421 359 471; x_wconf 91' lang='lat' dir='ltr'><strong>tamen</strong></span> <span class='ocrx_word' id='word_1_16' title='bbox 372 413 421 471; x_wconf 91' lang='lat' dir='ltr'><strong>ille</strong></span> <span class='ocrx_word' id='word_1_17' title='bbox 435 414 512 491; x_wconf 88' lang='lat' dir='ltr'><strong>prior</strong></span> <span class='ocrx_word' id='word_1_18' title='bbox 524 423 674 490; x_wconf 86' lang='lat' dir='ltr'><strong>praeeunte</strong></span> <span class='ocrx_word' id='word_1_19' title='bbox 688 414 805 487; x_wconf 73' lang='lat' dir='ltr'><strong>carind3</strong></span> 
     </span>
    </p>

    <p class='ocr_par' dir='ltr' id='par_1_4' title="bbox 112 491 887 569">
     <span class='ocr_line' id='line_1_4' title="bbox 112 491 887 569; baseline 0 -19"><span class='ocrx_word' id='word_1_20' title='bbox 112 491 197 550; x_wconf 88' lang='lat' dir='ltr'><strong>Parte</strong></span> <span class='ocrx_word' id='word_1_21' title='bbox 211 492 296 567; x_wconf 90' lang='lat' dir='ltr'><strong>prior,</strong></span> <span class='ocrx_word' id='word_1_22' title='bbox 311 499 421 568; x_wconf 86' lang='lat' dir='ltr'><strong>partem</strong></span> <span class='ocrx_word' id='word_1_23' title='bbox 436 499 526 550; x_wconf 90' lang='lat' dir='ltr'><strong>rostro</strong></span> <span class='ocrx_word' id='word_1_24' title='bbox 539 493 645 569; x_wconf 91' lang='lat' dir='ltr'><strong>premit</strong></span> <span class='ocrx_word' id='word_1_25' title='bbox 658 493 764 550; x_wconf 85' lang='lat' dir='ltr'><strong>aemula</strong></span> <span class='ocrx_word' id='word_1_26' title='bbox 776 491 887 552; x_wconf 88' lang='lat' dir='ltr'><strong>Pristis.</strong></span> 
     </span>
    </p>

    <p class='ocr_par' dir='ltr' id='par_1_5' title="bbox 111 570 767 649">
     <span class='ocr_line' id='line_1_5' title="bbox 111 570 767 649; baseline 0.003 -21"><span class='ocrx_word' id='word_1_27' title='bbox 111 572 153 628; x_wconf 83' lang='lat' dir='ltr'><strong>At</strong></span> <span class='ocrx_word' id='word_1_28' title='bbox 166 570 262 628; x_wconf 75' lang='lat' dir='ltr'><strong>media</strong></span> <span class='ocrx_word' id='word_1_29' title='bbox 276 570 369 628; x_wconf 90' lang='lat' dir='ltr'><strong>socios</strong></span> <span class='ocrx_word' id='word_1_30' title='bbox 383 571 523 629; x_wconf 92' lang='lat' dir='ltr'><strong>incedens</strong></span> <span class='ocrx_word' id='word_1_31' title='bbox 536 589 611 630; x_wconf 90' lang='lat' dir='ltr'><strong>nave</strong></span> <span class='ocrx_word' id='word_1_32' title='bbox 624 591 677 649; x_wconf 91' lang='lat' dir='ltr'><strong>per</strong></span> <span class='ocrx_word' id='word_1_33' title='bbox 689 572 767 649; x_wconf 92' lang='lat' dir='ltr'><strong>ipsos</strong></span> 
     </span>
    </p>

    <p class='ocr_par' dir='ltr' id='par_1_6' title="bbox 112 649 965 727">
     <span class='ocr_line' id='line_1_6' title="bbox 112 649 965 727; baseline 0.005 -22"><span class='ocrx_word' id='word_1_34' title='bbox 112 649 250 706; x_wconf 85' lang='lat' dir='ltr'>Hortatur</span> <span class='ocrx_word' id='word_1_35' title='bbox 264 649 457 706; x_wconf 83' lang='lat' dir='ltr'><strong>Mnestheus:</strong></span> <span class='ocrx_word' id='word_1_36' title='bbox 489 650 597 724; x_wconf 86' lang='lat' dir='ltr'><strong>¹Nunc,</strong></span> <span class='ocrx_word' id='word_1_37' title='bbox 611 664 701 725; x_wconf 86' lang='lat' dir='ltr'><strong>nunc,</strong></span> <span class='ocrx_word' id='word_1_38' title='bbox 716 649 855 726; x_wconf 81' lang='lat' dir='ltr'><strong>insurgite</strong></span> <span class='ocrx_word' id='word_1_39' title='bbox 867 649 965 727; x_wconf 87' lang='lat' dir='ltr'><strong>remis,</strong></span> 
     </span>
    </p>

    <p class='ocr_par' dir='ltr' id='par_1_7' title="bbox 112 727 1096 806">
     <span class='ocr_line' id='line_1_7' title="bbox 112 727 1096 806; baseline 0.002 -22"><span class='ocrx_word' id='word_1_40' title='bbox 112 727 251 785; x_wconf 90' lang='lat' dir='ltr'><strong>Hectorei</strong></span> <span class='ocrx_word' id='word_1_41' title='bbox 265 728 346 804; x_wconf 89' lang='lat' dir='ltr'><strong>socii,</strong></span> <span class='ocrx_word' id='word_1_42' title='bbox 361 728 457 806; x_wconf 85' lang='lat' dir='ltr'><strong>Trojae</strong></span> <span class='ocrx_word' id='word_1_43' title='bbox 472 748 543 804; x_wconf 93' lang='lat' dir='ltr'><strong>quos</strong></span> <span class='ocrx_word' id='word_1_44' title='bbox 558 730 781 806; x_wconf 74' lang='lat' dir='ltr'><strong>sortesupremri</strong></span> <span class='ocrx_word' id='word_1_45' title='bbox 1040 733 1096 787; x_wconf 78' lang='lat'><strong>190</strong></span> 
     </span>
    </p>

    <p class='ocr_par' dir='ltr' id='par_1_8' title="bbox 111 806 781 884">
     <span class='ocr_line' id='line_1_8' title="bbox 111 806 781 884; baseline 0.006 -22"><span class='ocrx_word' id='word_1_46' title='bbox 111 806 217 882; x_wconf 91' lang='lat' dir='ltr'><strong>Delegi</strong></span> <span class='ocrx_word' id='word_1_47' title='bbox 231 807 370 864; x_wconf 83' lang='lat' dir='ltr'><strong>comites:</strong></span> <span class='ocrx_word' id='word_1_48' title='bbox 391 827 469 865; x_wconf 92' lang='lat' dir='ltr'><strong>nunc</strong></span> <span class='ocrx_word' id='word_1_49' title='bbox 483 807 546 865; x_wconf 90' lang='lat' dir='ltr'><strong>illas</strong></span> <span class='ocrx_word' id='word_1_50' title='bbox 559 809 682 884; x_wconf 89' lang='lat' dir='ltr'><strong>promite</strong></span> <span class='ocrx_word' id='word_1_51' title='bbox 695 808 781 884; x_wconf 87' lang='lat' dir='ltr'><strong>vires,</strong></span> 
     </span>
    </p>

    <p class='ocr_par' dir='ltr' id='par_1_9' title="bbox 111 885 839 962">
     <span class='ocr_line' id='line_1_9' title="bbox 111 885 839 962; baseline 0.005 -21"><span class='ocrx_word' id='word_1_52' title='bbox 111 885 141 942; x_wconf 95' lang='lat' dir='ltr'><strong>N</strong></span> <span class='ocrx_word' id='word_1_53' title='bbox 143 903 199 941; x_wconf 91' lang='lat' dir='ltr'><strong>unc</strong></span> <span class='ocrx_word' id='word_1_54' title='bbox 209 885 333 959; x_wconf 85' lang='lat' dir='ltr'><strong>animos,</strong></span> <span class='ocrx_word' id='word_1_55' title='bbox 348 885 453 962; x_wconf 92' lang='lat' dir='ltr'><strong>quibus</strong></span> <span class='ocrx_word' id='word_1_56' title='bbox 464 886 495 943; x_wconf 92' lang='lat' dir='ltr'><strong>in</strong></span> <span class='ocrx_word' id='word_1_57' title='bbox 509 885 631 943; x_wconf 82' lang='lat' dir='ltr'><strong>Gaetulis</strong></span> <span class='ocrx_word' id='word_1_58' title='bbox 645 887 770 962; x_wconf 82' lang='lat' dir='ltr'><strong>syrtibus</strong></span> <span class='ocrx_word' id='word_1_59' title='bbox 784 887 839 962; x_wconf 92' lang='lat' dir='ltr'><strong>usi,</strong></span> 
     </span>
    </p>

    <p class='ocr_par' dir='ltr' id='par_1_10' title="bbox 112 963 821 1040">
     <span class='ocr_line' id='line_1_10' title="bbox 112 963 821 1040; baseline 0.004 -20"><span class='ocrx_word' id='word_1_60' title='bbox 112 963 252 1040; x_wconf 89' lang='lat' dir='ltr'><strong>louioque</strong></span> <span class='ocrx_word' id='word_1_61' title='bbox 266 965 347 1038; x_wconf 88' lang='lat' dir='ltr'><strong>mari,</strong></span> <span class='ocrx_word' id='word_1_62' title='bbox 363 964 528 1038; x_wconf 85' lang='lat' dir='ltr'><strong>Maleaeque</strong></span> <span class='ocrx_word' id='word_1_63' title='bbox 543 965 713 1039; x_wconf 82' lang='lat' dir='ltr'><strong>sequacibus</strong></span> <span class='ocrx_word' id='word_1_64' title='bbox 729 966 821 1023; x_wconf 86' lang='lat' dir='ltr'><strong>undis.</strong></span> 
     </span>
    </p>

    <p class='ocr_par' dir='ltr' id='par_1_11' title="bbox 110 1040 1033 1119">
     <span class='ocr_line' id='line_1_11' title="bbox 110 1040 1033 1119; baseline 0.003 -21"><span class='ocrx_word' id='word_1_65' title='bbox 110 1040 141 1099; x_wconf 90' lang='lat' dir='ltr'>N</span> <span class='ocrx_word' id='word_1_66' title='bbox 142 1061 179 1099; x_wconf 92' lang='lat' dir='ltr'><strong>on</strong></span> <span class='ocrx_word' id='word_1_67' title='bbox 190 1044 251 1119; x_wconf 90' lang='lat' dir='ltr'><strong>jam</strong></span> <span class='ocrx_word' id='word_1_68' title='bbox 265 1042 359 1118; x_wconf 88' lang='lat' dir='ltr'><strong>prima</strong></span> <span class='ocrx_word' id='word_1_69' title='bbox 371 1048 438 1117; x_wconf 93' lang='lat' dir='ltr'><strong>peto</strong></span> <span class='ocrx_word' id='word_1_70' title='bbox 452 1042 637 1116; x_wconf 87' lang='lat' dir='ltr'><strong>Mnestheus,</strong></span> <span class='ocrx_word' id='word_1_71' title='bbox 652 1061 747 1119; x_wconf 89' lang='lat' dir='ltr'><strong>neque</strong></span> <span class='ocrx_word' id='word_1_72' title='bbox 760 1044 878 1101; x_wconf 84' lang='lat' dir='ltr'><strong>vincere</strong></span> <span class='ocrx_word' id='word_1_73' title='bbox 892 1049 991 1101; x_wconf 87' lang='lat' dir='ltr'><strong>certo:</strong></span> <span class='ocrx_word' id='word_1_74' title='bbox 1030 1112 1033 1116; x_wconf 19' lang='lat'><strong>¹</strong></span> 
     </span>
    </p>

    <p class='ocr_par' dir='ltr' id='par_1_12' title="bbox 112 1120 1096 1198">
     <span class='ocr_line' id='line_1_12' title="bbox 112 1120 1096 1198; baseline 0.004 -22"><span class='ocrx_word' id='word_1_75' title='bbox 112 1121 285 1195; x_wconf 77' lang='lat' dir='ltr'><strong>Quanquam</strong></span> <span class='ocrx_word' id='word_1_76' title='bbox 296 1122 330 1176; x_wconf 91' lang='lat' dir='ltr'><strong>o!</strong></span> <span class='ocrx_word' id='word_1_77' title='bbox 346 1120 398 1176; x_wconf 91' lang='lat' dir='ltr'><strong>sed</strong></span> <span class='ocrx_word' id='word_1_78' title='bbox 409 1129 547 1196; x_wconf 88' lang='lat' dir='ltr'><strong>superent</strong></span> <span class='ocrx_word' id='word_1_79' title='bbox 557 1121 660 1197; x_wconf 91' lang='lat' dir='ltr'><strong>quibus</strong></span> <span class='ocrx_word' id='word_1_80' title='bbox 670 1121 737 1197; x_wconf 92' lang='lat' dir='ltr'><strong>hoc,</strong></span> <span class='ocrx_word' id='word_1_81' title='bbox 749 1122 899 1198; x_wconf 84' lang='lat' dir='ltr'><strong>Neptune,</strong></span> <span class='ocrx_word' id='word_1_82' title='bbox 911 1121 1025 1181; x_wconf 90' lang='lat' dir='ltr'><strong>dedisti.</strong></span> <span class='ocrx_word' id='word_1_83' title='bbox 1039 1126 1096 1180; x_wconf 89' lang='grc'><strong>195</strong></span> 
     </span>
    </p>

    <p class='ocr_par' dir='ltr' id='par_1_13' title="bbox 111 1197 897 1277">
     <span class='ocr_line' id='line_1_13' title="bbox 111 1197 897 1277; baseline 0.004 -22"><span class='ocrx_word' id='word_1_84' title='bbox 111 1198 268 1256; x_wconf 83' lang='lat' dir='ltr'><strong>Extremas</strong></span> <span class='ocrx_word' id='word_1_85' title='bbox 282 1197 391 1273; x_wconf 88' lang='lat' dir='ltr'><strong>pudest</strong></span> <span class='ocrx_word' id='word_1_86' title='bbox 403 1198 522 1255; x_wconf 88' lang='lat' dir='ltr'><strong>rediisse</strong></span> <span class='ocrx_word' id='word_1_87' title='bbox 536 1219 542 1255; x_wconf 91' lang='lat'>:</span> <span class='ocrx_word' id='word_1_88' title='bbox 564 1200 621 1258; x_wconf 89' lang='lat' dir='ltr'><strong>hoc</strong></span> <span class='ocrx_word' id='word_1_89' title='bbox 634 1200 752 1275; x_wconf 89' lang='lat' dir='ltr'><strong>vincite,</strong></span> <span class='ocrx_word' id='word_1_90' title='bbox 767 1200 856 1277; x_wconf 88' lang='lat' dir='ltr'><strong>cives,</strong></span> <span class='ocrx_word' id='word_1_91' title='bbox 894 1212 897 1217; x_wconf 79' lang='grc'><em>’</em></span> 
     </span>
    </p>

    <p class='ocr_par' dir='ltr' id='par_1_14' title="bbox 110 1275 817 1353">
     <span class='ocr_line' id='line_1_14' title="bbox 110 1275 817 1353; baseline 0.007 -21"><span class='ocrx_word' id='word_1_92' title='bbox 110 1277 152 1335; x_wconf 90' lang='lat' dir='ltr'><strong>Et</strong></span> <span class='ocrx_word' id='word_1_93' title='bbox 163 1275 315 1353; x_wconf 91' lang='lat' dir='ltr'><strong>prohibete</strong></span> <span class='ocrx_word' id='word_1_94' title='bbox 328 1275 417 1334; x_wconf 88' lang='lat' dir='ltr'><strong>nefas.</strong></span> <span class='ocrx_word' id='word_1_95' title='bbox 461 1276 520 1334; x_wconf 93' lang='lat' dir='ltr'><strong>Olli</strong></span> <span class='ocrx_word' id='word_1_96' title='bbox 534 1279 690 1336; x_wconf 83' lang='lat' dir='ltr'><strong>certamine</strong></span> <span class='ocrx_word' id='word_1_97' title='bbox 705 1299 817 1337; x_wconf 92' lang='lat' dir='ltr'><strong>summo</strong></span> 
     </span>
    </p>

    <p class='ocr_par' dir='ltr' id='par_1_15' title="bbox 109 1354 884 1435">
     <span class='ocr_line' id='line_1_15' title="bbox 109 1354 884 1435; baseline 0.004 -23"><span class='ocrx_word' id='word_1_98' title='bbox 109 1354 327 1427; x_wconf 90' lang='lat' dir='ltr'><strong>Procumbunt;</strong></span> <span class='ocrx_word' id='word_1_99' title='bbox 350 1355 437 1413; x_wconf 86' lang='lat' dir='ltr'><strong>vastis</strong></span> <span class='ocrx_word' id='word_1_100' title='bbox 451 1356 548 1415; x_wconf 88' lang='lat' dir='ltr'><strong>tremit</strong></span> <span class='ocrx_word' id='word_1_101' title='bbox 561 1356 665 1414; x_wconf 91' lang='lat' dir='ltr'><strong>ictibus</strong></span> <span class='ocrx_word' id='word_1_102' title='bbox 680 1376 755 1415; x_wconf 85' lang='lat' dir='ltr'><strong>aerea</strong></span> <span class='ocrx_word' id='word_1_103' title='bbox 767 1358 884 1435; x_wconf 85' lang='lat' dir='ltr'><strong>puppis,</strong></span> 
     </span>
    </p>

    <p class='ocr_par' dir='ltr' id='par_1_16' title="bbox 85 1433 921 1510">
     <span class='ocr_line' id='line_1_16' title="bbox 85 1433 921 1510; baseline 0.004 -18"><span class='ocrx_word' id='word_1_104' title='bbox 85 1499 87 1502; x_wconf 7' lang='grc' dir='ltr'><em>Α</em></span> <span class='ocrx_word' id='word_1_105' title='bbox 111 1433 349 1510; x_wconf 90' lang='lat' dir='ltr'><strong>Subtrahiturque</strong></span> <span class='ocrx_word' id='word_1_106' title='bbox 363 1434 474 1492; x_wconf 90' lang='lat' dir='ltr'><strong>solum:</strong></span> <span class='ocrx_word' id='word_1_107' title='bbox 498 1443 558 1492; x_wconf 90' lang='lat' dir='ltr'><strong>tum</strong></span> <span class='ocrx_word' id='word_1_108' title='bbox 573 1436 673 1493; x_wconf 84' lang='lat' dir='ltr'><strong>creber</strong></span> <span class='ocrx_word' id='word_1_109' title='bbox 687 1437 830 1495; x_wconf 90' lang='lat' dir='ltr'><strong>anhelitus</strong></span> <span class='ocrx_word' id='word_1_110' title='bbox 844 1444 921 1495; x_wconf 73' lang='lat' dir='ltr'><strong>artius</strong></span> 
     </span>
    </p>

    <p class='ocr_par' dir='ltr' id='par_1_17' title="bbox 108 1513 1095 1668">
     <span class='ocr_line' id='line_1_17' title="bbox 108 1513 1095 1591; baseline 0.001 -21"><span class='ocrx_word' id='word_1_111' title='bbox 108 1515 255 1589; x_wconf 79' lang='lat' dir='ltr'><strong>Aridaque</strong></span> <span class='ocrx_word' id='word_1_112' title='bbox 270 1532 319 1571; x_wconf 91' lang='lat' dir='ltr'><strong>ora</strong></span> <span class='ocrx_word' id='word_1_113' title='bbox 331 1513 423 1589; x_wconf 86' lang='lat' dir='ltr'><strong>quatit</strong></span> <span class='ocrx_word' id='word_1_114' title='bbox 435 1532 443 1586; x_wconf 90' lang='lat'>;</span> <span class='ocrx_word' id='word_1_115' title='bbox 465 1515 552 1571; x_wconf 91' lang='lat' dir='ltr'><strong>sudor</strong></span> <span class='ocrx_word' id='word_1_116' title='bbox 563 1514 629 1573; x_wconf 88' lang='lat' dir='ltr'><strong>fluit</strong></span> <span class='ocrx_word' id='word_1_117' title='bbox 641 1514 769 1591; x_wconf 90' lang='lat' dir='ltr'><strong>undique</strong></span> <span class='ocrx_word' id='word_1_118' title='bbox 783 1515 860 1573; x_wconf 86' lang='lat' dir='ltr'><strong>rivis.</strong></span> <span class='ocrx_word' id='word_1_119' title='bbox 1035 1519 1095 1572; x_wconf 84' lang='lat'><strong>200</strong></span> 
     </span>
     <span class='ocr_line' id='line_1_18' title="bbox 148 1591 828 1668; baseline 0 -18"><span class='ocrx_word' id='word_1_120' title='bbox 148 1592 253 1650; x_wconf 85' lang='lat' dir='ltr'><strong>Attulit</strong></span> <span class='ocrx_word' id='word_1_121' title='bbox 265 1591 328 1668; x_wconf 90' lang='lat' dir='ltr'><strong>ipse</strong></span> <span class='ocrx_word' id='word_1_122' title='bbox 342 1591 410 1649; x_wconf 89' lang='lat' dir='ltr'><strong>viris</strong></span> <span class='ocrx_word' id='word_1_123' title='bbox 425 1601 555 1668; x_wconf 93' lang='lat' dir='ltr'><strong>optatum</strong></span> <span class='ocrx_word' id='word_1_124' title='bbox 569 1612 654 1651; x_wconf 89' lang='lat' dir='ltr'><strong>casus</strong></span> <span class='ocrx_word' id='word_1_125' title='bbox 668 1593 808 1652; x_wconf 86' lang='lat' dir='ltr'><strong>honorem</strong></span> <span class='ocrx_word' id='word_1_126' title='bbox 822 1615 828 1650; x_wconf 76' lang='grc' dir='ltr'><strong><em>ε</em></strong></span> 
     </span>
    </p>

    <p class='ocr_par' dir='ltr' id='par_1_18' title="bbox 109 1669 978 1747">
     <span class='ocr_line' id='line_1_19' title="bbox 109 1669 978 1747; baseline 0.003 -21"><span class='ocrx_word' id='word_1_127' title='bbox 109 1671 255 1747; x_wconf 87' lang='lat' dir='ltr'><strong>Namque,</strong></span> <span class='ocrx_word' id='word_1_128' title='bbox 269 1669 368 1727; x_wconf 83' lang='lat' dir='ltr'><strong>furens</strong></span> <span class='ocrx_word' id='word_1_129' title='bbox 382 1670 480 1743; x_wconf 88' lang='lat' dir='ltr'><strong>animi,</strong></span> <span class='ocrx_word' id='word_1_130' title='bbox 494 1672 565 1727; x_wconf 94' lang='lat' dir='ltr'><strong>dum</strong></span> <span class='ocrx_word' id='word_1_131' title='bbox 578 1690 691 1747; x_wconf 90' lang='lat' dir='ltr'><strong>proram</strong></span> <span class='ocrx_word' id='word_1_132' title='bbox 705 1673 741 1730; x_wconf 91' lang='lat' dir='ltr'><strong>ad</strong></span> <span class='ocrx_word' id='word_1_133' title='bbox 755 1692 825 1731; x_wconf 87' lang='lat' dir='ltr'><strong>saxa</strong></span> <span class='ocrx_word' id='word_1_134' title='bbox 839 1671 978 1747; x_wconf 88' lang='lat' dir='ltr'><strong>suburget</strong></span> 
     </span>
    </p>

    <p class='ocr_par' dir='ltr' id='par_1_19' title="bbox 110 1747 788 1826">
     <span class='ocr_line' id='line_1_20' title="bbox 110 1747 788 1826; baseline 0.006 -22"><span class='ocrx_word' id='word_1_135' title='bbox 110 1749 242 1823; x_wconf 88' lang='lat' dir='ltr'><strong>interior,</strong></span> <span class='ocrx_word' id='word_1_136' title='bbox 257 1748 406 1825; x_wconf 88' lang='lat' dir='ltr'><strong>spatioque</strong></span> <span class='ocrx_word' id='word_1_137' title='bbox 420 1747 498 1806; x_wconf 91' lang='lat' dir='ltr'><strong>subit</strong></span> <span class='ocrx_word' id='word_1_138' title='bbox 513 1748 662 1823; x_wconf 86' lang='lat' dir='ltr'><strong>Sergestus</strong></span> <span class='ocrx_word' id='word_1_139' title='bbox 676 1751 788 1826; x_wconf 79' lang='lat' dir='ltr'><strong>iniquo,</strong></span> 
     </span>
    </p>

    <p class='ocr_par' dir='ltr' id='par_1_20' title="bbox 110 1825 705 1903">
     <span class='ocr_line' id='line_1_21' title="bbox 110 1825 705 1903; baseline 0.002 -20"><span class='ocrx_word' id='word_1_140' title='bbox 110 1826 216 1884; x_wconf 85' lang='lat' dir='ltr'><strong>Infelix</strong></span> <span class='ocrx_word' id='word_1_141' title='bbox 230 1827 307 1884; x_wconf 84' lang='lat' dir='ltr'><strong>saxis</strong></span> <span class='ocrx_word' id='word_1_142' title='bbox 321 1827 351 1883; x_wconf 90' lang='lat' dir='ltr'><strong>in</strong></span> <span class='ocrx_word' id='word_1_143' title='bbox 365 1825 598 1903; x_wconf 89' lang='lat' dir='ltr'><strong>procurrentibus</strong></span> <span class='ocrx_word' id='word_1_144' title='bbox 612 1827 705 1886; x_wconf 65' lang='lat' dir='ltr'><strong>haesit.</strong></span> 
     </span>
    </p>

    <p class='ocr_par' dir='ltr' id='par_1_21' title="bbox 110 1905 788 1979">
     <span class='ocr_line' id='line_1_22' title="bbox 110 1905 788 1979; baseline 0.003 -16"><span class='ocrx_word' id='word_1_145' title='bbox 110 1906 268 1963; x_wconf 86' lang='lat' dir='ltr'><strong>Concussae</strong></span> <span class='ocrx_word' id='word_1_146' title='bbox 283 1912 391 1979; x_wconf 86' lang='lat' dir='ltr'><strong>cautes,</strong></span> <span class='ocrx_word' id='word_1_147' title='bbox 406 1912 436 1963; x_wconf 91' lang='lat' dir='ltr'><strong>et</strong></span> <span class='ocrx_word' id='word_1_148' title='bbox 449 1912 535 1963; x_wconf 91' lang='lat' dir='ltr'><strong>acuto</strong></span> <span class='ocrx_word' id='word_1_149' title='bbox 548 1905 578 1962; x_wconf 92' lang='lat' dir='ltr'><strong>in</strong></span> <span class='ocrx_word' id='word_1_150' title='bbox 592 1907 701 1964; x_wconf 88' lang='lat' dir='ltr'><strong>murice</strong></span> <span class='ocrx_word' id='word_1_151' title='bbox 715 1907 788 1964; x_wconf 92' lang='lat' dir='ltr'><strong>remi</strong></span> 
     </span>
    </p>

    <p class='ocr_par' dir='ltr' id='par_1_22' title="bbox 110 1981 789 2062">
     <span class='ocr_line' id='line_1_23' title="bbox 110 1981 789 2062; baseline 0.003 -21"><span class='ocrx_word' id='word_1_152' title='bbox 110 1983 219 2041; x_wconf 84' lang='lat' dir='ltr'><strong>Obnixi</strong></span> <span class='ocrx_word' id='word_1_153' title='bbox 233 1981 382 2061; x_wconf 67' lang='lat' dir='ltr'><strong>crepuere,</strong></span> <span class='ocrx_word' id='word_1_154' title='bbox 397 1983 530 2059; x_wconf 88' lang='lat' dir='ltr'><strong>illisaque</strong></span> <span class='ocrx_word' id='word_1_155' title='bbox 543 2003 627 2060; x_wconf 91' lang='lat' dir='ltr'><strong>prora</strong></span> <span class='ocrx_word' id='word_1_156' title='bbox 640 1985 789 2062; x_wconf 73' lang='lat' dir='ltr'><strong>pependit</strong></span> 
     </span>
    </p>

    <p class='ocr_par' dir='ltr' id='par_1_23' title="bbox 109 2062 896 2138">
     <span class='ocr_line' id='line_1_24' title="bbox 109 2062 896 2138; baseline 0.001 -18"><span class='ocrx_word' id='word_1_157' title='bbox 109 2062 296 2138; x_wconf 81' lang='lat' dir='ltr'><strong>Consurgunt</strong></span> <span class='ocrx_word' id='word_1_158' title='bbox 308 2071 414 2137; x_wconf 84' lang='lat' dir='ltr'><strong>nsutae,</strong></span> <span class='ocrx_word' id='word_1_159' title='bbox 429 2069 459 2120; x_wconf 89' lang='lat' dir='ltr'><strong>et</strong></span> <span class='ocrx_word' id='word_1_160' title='bbox 471 2081 577 2138; x_wconf 88' lang='lat' dir='ltr'><strong>magno</strong></span> <span class='ocrx_word' id='word_1_161' title='bbox 591 2063 716 2121; x_wconf 88' lang='lat' dir='ltr'><strong>clamore</strong></span> <span class='ocrx_word' id='word_1_162' title='bbox 730 2071 896 2123; x_wconf 86' lang='lat' dir='ltr'><strong>morantur:</strong></span> 
     </span>
    </p>

    <p class='ocr_par' dir='ltr' id='par_1_24' title="bbox 108 2141 799 2219">
     <span class='ocr_line' id='line_1_25' title="bbox 108 2141 799 2219; baseline 0.003 -21"><span class='ocrx_word' id='word_1_163' title='bbox 108 2141 297 2218; x_wconf 87' lang='lat' dir='ltr'><strong>Ferratasque</strong></span> <span class='ocrx_word' id='word_1_164' title='bbox 311 2143 408 2199; x_wconf 91' lang='lat' dir='ltr'><strong>trudes</strong></span> <span class='ocrx_word' id='word_1_165' title='bbox 423 2148 453 2198; x_wconf 93' lang='lat' dir='ltr'><strong>et</strong></span> <span class='ocrx_word' id='word_1_166' title='bbox 466 2141 551 2199; x_wconf 77' lang='lat' dir='ltr'><strong>acuta</strong></span> <span class='ocrx_word' id='word_1_167' title='bbox 565 2142 684 2219; x_wconf 91' lang='lat' dir='ltr'><strong>cuspide</strong></span> <span class='ocrx_word' id='word_1_168' title='bbox 699 2149 799 2200; x_wconf 90' lang='lat' dir='ltr'><strong>contos</strong></span> 
     </span>
    </p>

    <p class='ocr_par' dir='ltr' id='par_1_25' title="bbox 108 2220 884 2297">
     <span class='ocr_line' id='line_1_26' title="bbox 108 2220 884 2297; baseline 0.004 -20"><span class='ocrx_word' id='word_1_169' title='bbox 108 2220 298 2297; x_wconf 87' lang='lat' dir='ltr'><strong>Expediurrt;</strong></span> <span class='ocrx_word' id='word_1_170' title='bbox 319 2220 482 2296; x_wconf 89' lang='lat' dir='ltr'><strong>fractosque</strong></span> <span class='ocrx_word' id='word_1_171' title='bbox 496 2220 597 2297; x_wconf 89' lang='lat' dir='ltr'><strong>legunt</strong></span> <span class='ocrx_word' id='word_1_172' title='bbox 609 2221 639 2278; x_wconf 92' lang='lat' dir='ltr'><strong>in</strong></span> <span class='ocrx_word' id='word_1_173' title='bbox 653 2222 766 2297; x_wconf 75' lang='lat' dir='ltr'><strong>gurgite</strong></span> <span class='ocrx_word' id='word_1_174' title='bbox 779 2241 884 2280; x_wconf 89' lang='lat' dir='ltr'><strong>remos.</strong></span> 
     </span>
    </p>

    <p class='ocr_par' dir='ltr' id='par_1_26' title="bbox 108 2299 922 2378">
     <span class='ocr_line' id='line_1_27' title="bbox 108 2299 922 2378; baseline -0.002 -23"><span class='ocrx_word' id='word_1_175' title='bbox 108 2299 148 2356; x_wconf 88' lang='lat' dir='ltr'><strong>At</strong></span> <span class='ocrx_word' id='word_1_176' title='bbox 161 2299 244 2357; x_wconf 83' lang='lat' dir='ltr'><strong>laetus</strong></span> <span class='ocrx_word' id='word_1_177' title='bbox 258 2299 442 2374; x_wconf 90' lang='lat' dir='ltr'><strong>Mnestheus,</strong></span> <span class='ocrx_word' id='word_1_178' title='bbox 457 2317 650 2377; x_wconf 78' lang='lat' dir='ltr'><strong>successuque</strong></span> <span class='ocrx_word' id='word_1_179' title='bbox 665 2301 756 2359; x_wconf 84' lang='lat' dir='ltr'><strong>acrior</strong></span> <span class='ocrx_word' id='word_1_180' title='bbox 769 2301 842 2378; x_wconf 89' lang='lat' dir='ltr'><strong>ipso,</strong></span> <span class='ocrx_word' id='word_1_181' title='bbox 916 2345 922 2353; x_wconf 91' lang='lat'><em>.</em></span> 
     </span>
    </p>

    <p class='ocr_par' dir='ltr' id='par_1_27' title="bbox 109 2376 798 2455">
     <span class='ocr_line' id='line_1_28' title="bbox 109 2376 798 2455; baseline 0.004 -22"><span class='ocrx_word' id='word_1_182' title='bbox 109 2376 233 2452; x_wconf 80' lang='lat' dir='ltr'><strong>Agmine</strong></span> <span class='ocrx_word' id='word_1_183' title='bbox 248 2397 392 2436; x_wconf 89' lang='lat' dir='ltr'><strong>remorum</strong></span> <span class='ocrx_word' id='word_1_184' title='bbox 403 2377 499 2453; x_wconf 87' lang='lat' dir='ltr'><strong>celeri,</strong></span> <span class='ocrx_word' id='word_1_185' title='bbox 514 2380 665 2455; x_wconf 87' lang='lat' dir='ltr'><strong>ventisque</strong></span> <span class='ocrx_word' id='word_1_186' title='bbox 679 2379 798 2455; x_wconf 86' lang='lat' dir='ltr'><strong>vocatis,</strong></span> 
     </span>
    </p>

    <p class='ocr_par' dir='ltr' id='par_1_28' title="bbox 86 2451 823 2549">
     <span class='ocr_line' id='line_1_29' title="bbox 86 2451 823 2549; baseline 0.004 -38"><span class='ocrx_word' id='word_1_187' title='bbox 86 2451 88 2458; x_wconf 81' lang='lat'>&#39;</span> <span class='ocrx_word' id='word_1_188' title='bbox 108 2454 204 2512; x_wconf 86' lang='lat' dir='ltr'><strong>Prona</strong></span> <span class='ocrx_word' id='word_1_189' title='bbox 217 2457 289 2531; x_wconf 89' lang='lat' dir='ltr'><strong>petit</strong></span> <span class='ocrx_word' id='word_1_190' title='bbox 304 2457 402 2530; x_wconf 85' lang='lat' dir='ltr'><strong>maria,</strong></span> <span class='ocrx_word' id='word_1_191' title='bbox 417 2464 447 2514; x_wconf 92' lang='lat' dir='ltr'><strong>et</strong></span> <span class='ocrx_word' id='word_1_192' title='bbox 459 2456 562 2549; x_wconf 88' lang='lat' dir='ltr'><strong>pelago</strong></span> <span class='ocrx_word' id='word_1_193' title='bbox 577 2458 702 2514; x_wconf 89' lang='lat' dir='ltr'><strong>decurrit</strong></span> <span class='ocrx_word' id='word_1_194' title='bbox 716 2466 823 2533; x_wconf 89' lang='lat' dir='ltr'><strong>aperto.</strong></span> 
     </span>
    </p>

    <p class='ocr_par' dir='ltr' id='par_1_29' title="bbox 110 2533 791 2611">
     <span class='ocr_line' id='line_1_30' title="bbox 110 2533 791 2611; baseline 0.003 -22"><span class='ocrx_word' id='word_1_195' title='bbox 110 2533 213 2602; x_wconf 83' lang='lat' dir='ltr'><strong>Qualis</strong></span> <span class='ocrx_word' id='word_1_196' title='bbox 227 2533 368 2609; x_wconf 69' lang='lat' dir='ltr'><strong>spelunca</strong></span> <span class='ocrx_word' id='word_1_197' title='bbox 381 2533 475 2590; x_wconf 90' lang='lat' dir='ltr'><strong>subito</strong></span> <span class='ocrx_word' id='word_1_198' title='bbox 491 2544 635 2592; x_wconf 88' lang='lat' dir='ltr'><strong>commota</strong></span> <span class='ocrx_word' id='word_1_199' title='bbox 648 2534 791 2611; x_wconf 86' lang='lat' dir='ltr'><strong>columba,</strong></span> 
     </span>
    </p>

    <p class='ocr_par' dir='ltr' id='par_1_30' title="bbox 109 2609 856 2687">
     <span class='ocr_line' id='line_1_31' title="bbox 109 2609 856 2687; baseline 0.003 -19"><span class='ocrx_word' id='word_1_200' title='bbox 109 2611 165 2669; x_wconf 87' lang='lat' dir='ltr'><strong>Cui</strong></span> <span class='ocrx_word' id='word_1_201' title='bbox 180 2610 283 2668; x_wconf 92' lang='lat' dir='ltr'><strong>domus</strong></span> <span class='ocrx_word' id='word_1_202' title='bbox 297 2617 327 2668; x_wconf 94' lang='lat' dir='ltr'><strong>et</strong></span> <span class='ocrx_word' id='word_1_203' title='bbox 340 2609 441 2666; x_wconf 88' lang='lat' dir='ltr'><strong>dulces</strong></span> <span class='ocrx_word' id='word_1_204' title='bbox 455 2609 597 2667; x_wconf 87' lang='lat' dir='ltr'><strong>latebroso</strong></span> <span class='ocrx_word' id='word_1_205' title='bbox 611 2612 641 2668; x_wconf 89' lang='lat' dir='ltr'><strong>in</strong></span> <span class='ocrx_word' id='word_1_206' title='bbox 655 2613 772 2687; x_wconf 92' lang='lat' dir='ltr'><strong>pumice</strong></span> <span class='ocrx_word' id='word_1_207' title='bbox 785 2613 856 2687; x_wconf 87' lang='lat' dir='ltr'><strong>nidi,</strong></span> 
     </span>
    </p>

    <p class='ocr_par' dir='ltr' id='par_1_31' title="bbox 108 2687 930 2767">
     <span class='ocr_line' id='line_1_32' title="bbox 108 2687 930 2767; baseline 0.001 -21"><span class='ocrx_word' id='word_1_208' title='bbox 108 2689 214 2746; x_wconf 88' lang='lat' dir='ltr'><strong>Fertur</strong></span> <span class='ocrx_word' id='word_1_209' title='bbox 226 2689 256 2746; x_wconf 91' lang='lat' dir='ltr'><strong>in</strong></span> <span class='ocrx_word' id='word_1_210' title='bbox 271 2708 338 2745; x_wconf 88' lang='lat' dir='ltr'><strong>arva</strong></span> <span class='ocrx_word' id='word_1_211' title='bbox 347 2687 458 2761; x_wconf 88' lang='lat' dir='ltr'><strong>volans,</strong></span> <span class='ocrx_word' id='word_1_212' title='bbox 472 2688 663 2765; x_wconf 89' lang='lat' dir='ltr'><strong>plausumque</strong></span> <span class='ocrx_word' id='word_1_213' title='bbox 677 2690 813 2747; x_wconf 86' lang='lat' dir='ltr'><strong>exterrita</strong></span> <span class='ocrx_word' id='word_1_214' title='bbox 825 2689 930 2767; x_wconf 92' lang='lat' dir='ltr'><strong>pennis</strong></span> 
     </span>
    </p>

    <p class='ocr_par' dir='ltr' id='par_1_32' title="bbox 108 2767 824 2844">
     <span class='ocr_line' id='line_1_33' title="bbox 108 2767 824 2844; baseline 0.001 -20"><span class='ocrx_word' id='word_1_215' title='bbox 108 2767 168 2827; x_wconf 88' lang='lat' dir='ltr'><strong>Dat</strong></span> <span class='ocrx_word' id='word_1_216' title='bbox 180 2774 257 2825; x_wconf 91' lang='lat' dir='ltr'><strong>tecto</strong></span> <span class='ocrx_word' id='word_1_217' title='bbox 270 2768 418 2842; x_wconf 88' lang='lat' dir='ltr'><strong>ingentem</strong></span> <span class='ocrx_word' id='word_1_218' title='bbox 429 2787 438 2840; x_wconf 89' lang='lat'>;</span> <span class='ocrx_word' id='word_1_219' title='bbox 460 2785 529 2824; x_wconf 85' lang='lat' dir='ltr'><strong>mox</strong></span> <span class='ocrx_word' id='word_1_220' title='bbox 543 2770 612 2825; x_wconf 73' lang='lat' dir='ltr'><strong>aere·</strong></span> <span class='ocrx_word' id='word_1_221' title='bbox 623 2768 703 2844; x_wconf 87' lang='lat' dir='ltr'><strong>lapsa</strong></span> <span class='ocrx_word' id='word_1_222' title='bbox 716 2768 824 2844; x_wconf 89' lang='lat' dir='ltr'><strong>quieto,</strong></span> 
     </span>
    </p>

    <p class='ocr_par' dir='ltr' id='par_1_33' title="bbox 107 2845 934 2922">
     <span class='ocr_line' id='line_1_34' title="bbox 107 2845 934 2922; baseline -0.001 -18"><span class='ocrx_word' id='word_1_223' title='bbox 107 2847 197 2904; x_wconf 85' lang='lat' dir='ltr'><strong>Radit</strong></span> <span class='ocrx_word' id='word_1_224' title='bbox 211 2847 265 2905; x_wconf 93' lang='lat' dir='ltr'><strong>iter</strong></span> <span class='ocrx_word' id='word_1_225' title='bbox 278 2846 429 2922; x_wconf 89' lang='lat' dir='ltr'><strong>liquidum,</strong></span> <span class='ocrx_word' id='word_1_226' title='bbox 444 2845 555 2904; x_wconf 86' lang='lat' dir='ltr'><strong>celeres</strong></span> <span class='ocrx_word' id='word_1_227' title='bbox 568 2865 664 2922; x_wconf 92' lang='lat' dir='ltr'><strong>neque</strong></span> <span class='ocrx_word' id='word_1_228' title='bbox 679 2855 843 2905; x_wconf 85' lang='lat' dir='ltr'><strong>commovet</strong></span> <span class='ocrx_word' id='word_1_229' title='bbox 856 2846 934 2905; x_wconf 90' lang='lat' dir='ltr'><strong>alas:</strong></span> 
     </span>
    </p>

    <p class='ocr_par' dir='ltr' id='par_1_34' title="bbox 109 2923 893 3001">
     <span class='ocr_line' id='line_1_35' title="bbox 109 2923 893 3001; baseline 0.001 -18"><span class='ocrx_word' id='word_1_230' title='bbox 109 2926 157 2983; x_wconf 92' lang='lat' dir='ltr'><strong>Sic</strong></span> <span class='ocrx_word' id='word_1_231' title='bbox 172 2925 356 2999; x_wconf 86' lang='lat' dir='ltr'><strong>Mnestheus,</strong></span> <span class='ocrx_word' id='word_1_232' title='bbox 371 2924 412 2982; x_wconf 92' lang='lat' dir='ltr'><strong>sic</strong></span> <span class='ocrx_word' id='word_1_233' title='bbox 426 2924 490 3001; x_wconf 86' lang='lat' dir='ltr'><strong>ipsa</strong></span> <span class='ocrx_word' id='word_1_234' title='bbox 502 2924 570 3000; x_wconf 75' lang='lat' dir='ltr'><strong>lugd</strong></span> <span class='ocrx_word' id='word_1_235' title='bbox 584 2933 664 2984; x_wconf 90' lang='lat' dir='ltr'><strong>secat</strong></span> <span class='ocrx_word' id='word_1_236' title='bbox 676 2923 779 2983; x_wconf 88' lang='lat' dir='ltr'><strong>ultima</strong></span> <span class='ocrx_word' id='word_1_237' title='bbox 791 2926 893 2984; x_wconf 89' lang='lat' dir='ltr'><strong>Pristis</strong></span> 
     </span>
    </p>

    <p class='ocr_par' dir='ltr' id='par_1_35' title="bbox 107 3002 867 3081">
     <span class='ocr_line' id='line_1_36' title="bbox 107 3002 867 3081; baseline 0.003 -20"><span class='ocrx_word' id='word_1_238' title='bbox 107 3003 257 3080; x_wconf 86' lang='lat' dir='ltr'><strong>AEquora;</strong></span> <span class='ocrx_word' id='word_1_239' title='bbox 280 3004 321 3062; x_wconf 90' lang='lat' dir='ltr'><strong>sic</strong></span> <span class='ocrx_word' id='word_1_240' title='bbox 334 3003 414 3061; x_wconf 90' lang='lat' dir='ltr'><strong>illam</strong></span> <span class='ocrx_word' id='word_1_241' title='bbox 428 3002 483 3061; x_wconf 90' lang='lat' dir='ltr'><strong>fert</strong></span> <span class='ocrx_word' id='word_1_242' title='bbox 495 3003 622 3080; x_wconf 89' lang='lat' dir='ltr'><strong>impetus</strong></span> <span class='ocrx_word' id='word_1_243' title='bbox 635 3005 699 3081; x_wconf 91' lang='lat' dir='ltr'><strong>ipse</strong></span> <span class='ocrx_word' id='word_1_244' title='bbox 712 3004 867 3063; x_wconf 87' lang='lat' dir='ltr'><strong>volantem.</strong></span> 
     </span>
    </p>

    <p class='ocr_par' dir='ltr' id='par_1_36' title="bbox 108 3080 853 3160">
     <span class='ocr_line' id='line_1_37' title="bbox 108 3080 853 3160; baseline 0.004 -21"><span class='ocrx_word' id='word_1_245' title='bbox 108 3083 148 3142; x_wconf 90' lang='lat' dir='ltr'><strong>Et</strong></span> <span class='ocrx_word' id='word_1_246' title='bbox 160 3080 285 3160; x_wconf 81' lang='lat' dir='ltr'><strong>primirm</strong></span> <span class='ocrx_word' id='word_1_247' title='bbox 299 3083 328 3140; x_wconf 92' lang='lat' dir='ltr'><strong>in</strong></span> <span class='ocrx_word' id='word_1_248' title='bbox 344 3082 462 3159; x_wconf 87' lang='lat' dir='ltr'><strong>scopulo</strong></span> <span class='ocrx_word' id='word_1_249' title='bbox 476 3082 633 3141; x_wconf 88' lang='lat' dir='ltr'><strong>luctantem</strong></span> <span class='ocrx_word' id='word_1_250' title='bbox 648 3083 755 3142; x_wconf 89' lang='lat' dir='ltr'><strong>deserit</strong></span> <span class='ocrx_word' id='word_1_251' title='bbox 769 3083 825 3142; x_wconf 88' lang='lat' dir='ltr'><strong>alto</strong></span> <span class='ocrx_word' id='word_1_252' title='bbox 845 3119 853 3129; x_wconf 68' lang='lat'>=</span> 
     </span>
    </p>

    <p class='ocr_par' dir='ltr' id='par_1_37' title="bbox 110 3161 941 3239">
     <span class='ocr_line' id='line_1_38' title="bbox 110 3161 941 3239; baseline 0.004 -22"><span class='ocrx_word' id='word_1_253' title='bbox 110 3162 285 3237; x_wconf 86' lang='lat' dir='ltr'><strong>Sergestum,</strong></span> <span class='ocrx_word' id='word_1_254' title='bbox 300 3161 495 3239; x_wconf 88' lang='lat' dir='ltr'><strong>brevibusque</strong></span> <span class='ocrx_word' id='word_1_255' title='bbox 508 3162 599 3237; x_wconf 85' lang='lat' dir='ltr'><strong>vadis,</strong></span> <span class='ocrx_word' id='word_1_256' title='bbox 614 3161 773 3238; x_wconf 85' lang='lat' dir='ltr'><strong>frustraque</strong></span> <span class='ocrx_word' id='word_1_257' title='bbox 786 3169 941 3222; x_wconf 84' lang='lat' dir='ltr'><strong>vocantem</strong></span> 
     </span>
    </p>

    <p class='ocr_par' dir='ltr' id='par_1_38' title="bbox 108 3240 802 3314">
     <span class='ocr_line' id='line_1_39' title="bbox 108 3240 802 3314; baseline 0.003 -18"><span class='ocrx_word' id='word_1_258' title='bbox 108 3240 236 3314; x_wconf 85' lang='lat' dir='ltr'><strong>Auxilia,</strong></span> <span class='ocrx_word' id='word_1_259' title='bbox 252 3248 282 3297; x_wconf 90' lang='lat' dir='ltr'><strong>et</strong></span> <span class='ocrx_word' id='word_1_260' title='bbox 294 3240 390 3299; x_wconf 86' lang='lat' dir='ltr'><strong>fractis</strong></span> <span class='ocrx_word' id='word_1_261' title='bbox 404 3240 564 3298; x_wconf 90' lang='lat' dir='ltr'><strong>discentem</strong></span> <span class='ocrx_word' id='word_1_262' title='bbox 578 3260 693 3299; x_wconf 90' lang='lat' dir='ltr'><strong>currere</strong></span> <span class='ocrx_word' id='word_1_263' title='bbox 707 3242 802 3300; x_wconf 90' lang='lat' dir='ltr'><strong>remis.</strong></span> 
     </span>
    </p>

    <p class='ocr_par' dir='ltr' id='par_1_39' title="bbox 110 3317 854 3396">
     <span class='ocr_line' id='line_1_40' title="bbox 110 3317 854 3396; baseline 0.004 -22"><span class='ocrx_word' id='word_1_264' title='bbox 110 3317 182 3375; x_wconf 89' lang='lat' dir='ltr'><strong>lude</strong></span> <span class='ocrx_word' id='word_1_265' title='bbox 197 3318 281 3393; x_wconf 85' lang='lat' dir='ltr'><strong>Gyan</strong></span> <span class='ocrx_word' id='word_1_266' title='bbox 295 3319 446 3395; x_wconf 88' lang='lat' dir='ltr'><strong>ipsamque</strong></span> <span class='ocrx_word' id='word_1_267' title='bbox 459 3319 571 3396; x_wconf 84' lang='lat' dir='ltr'><strong>ingenti</strong></span> <span class='ocrx_word' id='word_1_268' title='bbox 585 3320 661 3377; x_wconf 90' lang='lat' dir='ltr'><strong>mole</strong></span> <span class='ocrx_word' id='word_1_269' title='bbox 676 3320 854 3378; x_wconf 67' lang='lat' dir='ltr'><strong>Chimaeram</strong></span> 
     </span>
    </p>

    <p class='ocr_par' dir='ltr' id='par_1_40' title="bbox 109 3395 933 3475">
     <span class='ocr_line' id='line_1_41' title="bbox 109 3395 933 3475; baseline 0.002 -23"><span class='ocrx_word' id='word_1_270' title='bbox 109 3395 322 3473; x_wconf 84' lang='lat' dir='ltr'><strong>Consequitur:</strong></span> <span class='ocrx_word' id='word_1_271' title='bbox 344 3397 431 3472; x_wconf 88' lang='lat' dir='ltr'><strong>cedit,</strong></span> <span class='ocrx_word' id='word_1_272' title='bbox 444 3399 580 3474; x_wconf 85' lang='lat' dir='ltr'><strong>quoniam</strong></span> <span class='ocrx_word' id='word_1_273' title='bbox 595 3398 717 3475; x_wconf 85' lang='lat' dir='ltr'><strong>spoliata</strong></span> <span class='ocrx_word' id='word_1_274' title='bbox 730 3398 869 3473; x_wconf 90' lang='lat' dir='ltr'><strong>magistro</strong></span> <span class='ocrx_word' id='word_1_275' title='bbox 881 3404 933 3456; x_wconf 88' lang='lat' dir='ltr'><strong>est.</strong></span> 
     </span>
    </p>

    <p class='ocr_par' dir='ltr' id='par_1_41' title="bbox 110 3473 859 3552">
     <span class='ocr_line' id='line_1_42' title="bbox 110 3473 859 3552; baseline 0.003 -20"><span class='ocrx_word' id='word_1_276' title='bbox 110 3473 195 3532; x_wconf 88' lang='lat' dir='ltr'><strong>Solus</strong></span> <span class='ocrx_word' id='word_1_277' title='bbox 206 3475 325 3551; x_wconf 89' lang='lat' dir='ltr'><strong>jamque</strong></span> <span class='ocrx_word' id='word_1_278' title='bbox 338 3474 402 3550; x_wconf 91' lang='lat' dir='ltr'><strong>ipso</strong></span> <span class='ocrx_word' id='word_1_279' title='bbox 416 3484 548 3552; x_wconf 90' lang='lat' dir='ltr'><strong>superest</strong></span> <span class='ocrx_word' id='word_1_280' title='bbox 560 3477 591 3535; x_wconf 92' lang='lat' dir='ltr'><strong>in</strong></span> <span class='ocrx_word' id='word_1_281' title='bbox 603 3477 662 3535; x_wconf 87' lang='lat' dir='ltr'><strong>fine</strong></span> <span class='ocrx_word' id='word_1_282' title='bbox 676 3477 840 3535; x_wconf 81' lang='lat' dir='ltr'><strong>Cloanthus</strong></span> <span class='ocrx_word' id='word_1_283' title='bbox 848 3495 859 3547; x_wconf 73' lang='lat'><strong>3.</strong></span> 
     </span>
    </p>

    <p class='ocr_par' dir='ltr' id='par_1_42' title="bbox 110 3553 842 3630">
     <span class='ocr_line' id='line_1_43' title="bbox 110 3553 842 3630; baseline 0.003 -21"><span class='ocrx_word' id='word_1_284' title='bbox 110 3553 208 3623; x_wconf 76' lang='lat' dir='ltr'><strong>Quem</strong></span> <span class='ocrx_word' id='word_1_285' title='bbox 221 3553 303 3630; x_wconf 89' lang='lat' dir='ltr'><strong>petit,</strong></span> <span class='ocrx_word' id='word_1_286' title='bbox 318 3560 348 3611; x_wconf 93' lang='lat' dir='ltr'><strong>et</strong></span> <span class='ocrx_word' id='word_1_287' title='bbox 361 3553 480 3611; x_wconf 84' lang='lat' dir='ltr'><strong>summis</strong></span> <span class='ocrx_word' id='word_1_288' title='bbox 494 3555 617 3613; x_wconf 85' lang='lat' dir='ltr'><strong>adnixus</strong></span> <span class='ocrx_word' id='word_1_289' title='bbox 630 3553 738 3613; x_wconf 83' lang='lat' dir='ltr'><strong>viribus</strong></span> <span class='ocrx_word' id='word_1_290' title='bbox 752 3561 842 3629; x_wconf 84' lang='lat' dir='ltr'><strong>urget</strong></span> 
     </span>
    </p>

    <p class='ocr_par' dir='ltr' id='par_1_43' title="bbox 108 3628 928 3710">
     <span class='ocr_line' id='line_1_44' title="bbox 108 3628 928 3710; baseline 0.002 -22"><span class='ocrx_word' id='word_1_291' title='bbox 108 3631 188 3689; x_wconf 89' lang='lat' dir='ltr'><strong>Tum</strong></span> <span class='ocrx_word' id='word_1_292' title='bbox 202 3628 271 3689; x_wconf 81' lang='lat' dir='ltr'><strong>verb</strong></span> <span class='ocrx_word' id='word_1_293' title='bbox 282 3631 443 3707; x_wconf 89' lang='lat' dir='ltr'><strong>ingeminat</strong></span> <span class='ocrx_word' id='word_1_294' title='bbox 456 3632 572 3708; x_wconf 83' lang='lat' dir='ltr'><strong>clamor,</strong></span> <span class='ocrx_word' id='word_1_295' title='bbox 588 3633 743 3710; x_wconf 87' lang='lat' dir='ltr'><strong>cunctique</strong></span> <span class='ocrx_word' id='word_1_296' title='bbox 757 3640 928 3708; x_wconf 87' lang='lat' dir='ltr'><strong>sequentem</strong></span> 
     </span>
    </p>

    <p class='ocr_par' dir='ltr' id='par_1_44' title="bbox 108 3710 849 3790">
     <span class='ocr_line' id='line_1_45' title="bbox 108 3710 849 3790; baseline 0 -22"><span class='ocrx_word' id='word_1_297' title='bbox 108 3710 251 3789; x_wconf 86' lang='lat' dir='ltr'><strong>Instigant</strong></span> <span class='ocrx_word' id='word_1_298' title='bbox 264 3711 376 3789; x_wconf 88' lang='lat' dir='ltr'><strong>studiis,</strong></span> <span class='ocrx_word' id='word_1_299' title='bbox 390 3717 561 3790; x_wconf 85' lang='lat' dir='ltr'><strong>resonatque</strong></span> <span class='ocrx_word' id='word_1_300' title='bbox 574 3711 733 3788; x_wconf 84' lang='lat' dir='ltr'><strong>fragoribus</strong></span> <span class='ocrx_word' id='word_1_301' title='bbox 747 3710 849 3771; x_wconf 78' lang='lat' dir='ltr'><strong>aether.</strong></span> 
     </span>
    </p>
   </div>
   <div class='ocr_carea' id='block_1_3' title="bbox 0 0 1204 4178">
    <p class='ocr_par' dir='ltr' id='par_1_45' title="bbox 0 0 1204 4178">
     <span class='ocr_line' id='line_1_46' title="bbox 0 0 1204 4178; baseline 0 1"><span class='ocrx_word' id='word_1_302' title='bbox 0 0 1204 4178; x_wconf 95' lang='lat' dir='ltr'><strong> </strong></span> 
     </span>
    </p>
   </div>
  </div>
 </body>
</html>
