<?xml version="1.0" encoding="UTF-8"?>
<!DOCTYPE html PUBLIC "-//W3C//DTD XHTML 1.0 Transitional//EN"
    "http://www.w3.org/TR/xhtml1/DTD/xhtml1-transitional.dtd">
<html xmlns="http://www.w3.org/1999/xhtml" xml:lang="en" lang="en">
 <head>
  <title>
</title>
<meta http-equiv="Content-Type" content="text/html;charset=utf-8" />
  <meta name='ocr-system' content='tesseract 3.04.00' />
  <meta name='ocr-capabilities' content='ocr_page ocr_carea ocr_par ocr_line ocrx_word'/>
</head>
<body>
  <div class='ocr_page' id='page_1' title='image "./bucolicageorgic02virggoog/bucolicageorgic02virggoog_0018.png"; bbox 0 0 2400 4178; ppageno 0'>
   <div class='ocr_carea' id='block_1_1' title="bbox 493 194 1090 288">
    <p class='ocr_par' dir='ltr' id='par_1_1' title="bbox 493 194 1090 324">
     <span class='ocr_line' id='line_1_1' title="bbox 493 194 1090 288; baseline 0.005 -3"><span class='ocrx_word' id='word_1_1' title='bbox 493 230 647 285; x_wconf 78' lang='lat' dir='ltr'><strong>ncnoas.</strong></span> <span class='ocrx_word' id='word_1_2' title='bbox 668 231 704 285; x_wconf 84' lang='lat' dir='ltr'><strong>v.</strong></span> <span class='ocrx_word' id='word_1_3' title='bbox 764 231 765 234; x_wconf 60' lang='lat'>‘</span> <span class='ocrx_word' id='word_1_4' title='bbox 948 197 953 204; x_wconf 71' lang='grc'>’</span> <span class='ocrx_word' id='word_1_5' title='bbox 1008 194 1090 288; x_wconf 69' lang='lat' dir='ltr'><strong>i&#39;t&#39;</strong></span> 
     </span>
    </p>
   </div>
   <div class='ocr_carea' id='block_1_2' title="bbox 52 370 1089 1084">
    <p class='ocr_par' dir='ltr' id='par_1_2' title="bbox 52 370 1089 773">
     <span class='ocr_line' id='line_1_2' title="bbox 108 370 1089 457; baseline -0.001 -18"><span class='ocrx_word' id='word_1_6' title='bbox 108 381 178 440; x_wconf 91' lang='lat' dir='ltr'><strong>Non</strong></span> <span class='ocrx_word' id='word_1_7' title='bbox 193 400 240 440; x_wconf 91' lang='lat' dir='ltr'><strong>me</strong></span> <span class='ocrx_word' id='word_1_8' title='bbox 253 380 427 439; x_wconf 79' lang='lat' dir='ltr'><strong>carminibus</strong></span> <span class='ocrx_word' id='word_1_9' title='bbox 441 381 540 439; x_wconf 89' lang='lat' dir='ltr'><strong>vincet</strong></span> <span class='ocrx_word' id='word_1_10' title='bbox 551 399 606 438; x_wconf 90' lang='lat' dir='ltr'><strong>nec</strong></span> <span class='ocrx_word' id='word_1_11' title='bbox 620 380 763 438; x_wconf 86' lang='lat' dir='ltr'><strong>Thracius</strong></span> <span class='ocrx_word' id='word_1_12' title='bbox 778 379 924 457; x_wconf 80' lang='lat' dir='ltr'>Orpheus,</span> <span class='ocrx_word' id='word_1_13' title='bbox 1002 370 1028 444; x_wconf 81' lang='grc'><strong>,’,</strong></span> <span class='ocrx_word' id='word_1_14' title='bbox 1042 384 1089 438; x_wconf 72' lang='lat'><strong>³55</strong></span> 
     </span>
     <span class='ocr_line' id='line_1_3' title="bbox 52 439 1048 536; baseline 0.003 -18"><span class='ocrx_word' id='word_1_15' title='bbox 52 457 59 470; x_wconf 82' lang='lat'><em>&#39;</em></span> <span class='ocrx_word' id='word_1_16' title='bbox 108 459 175 519; x_wconf 90' lang='lat' dir='ltr'><strong>Nec</strong></span> <span class='ocrx_word' id='word_1_17' title='bbox 189 460 298 517; x_wconf 85' lang='lat' dir='ltr'>Linus:</span> <span class='ocrx_word' id='word_1_18' title='bbox 333 459 402 517; x_wconf 89' lang='lat' dir='ltr'><strong>huic</strong></span> <span class='ocrx_word' id='word_1_19' title='bbox 415 462 507 517; x_wconf 77' lang='lat' dir='ltr'><strong>mater</strong></span> <span class='ocrx_word' id='word_1_20' title='bbox 520 460 660 533; x_wconf 88' lang='lat' dir='ltr'><strong>quamvis,</strong></span> <span class='ocrx_word' id='word_1_21' title='bbox 675 467 759 534; x_wconf 86' lang='lat' dir='ltr'><strong>atque</strong></span> <span class='ocrx_word' id='word_1_22' title='bbox 772 459 841 516; x_wconf 88' lang='lat' dir='ltr'><strong>huic</strong></span> <span class='ocrx_word' id='word_1_23' title='bbox 854 467 945 536; x_wconf 85' lang='lat' dir='ltr'><strong>pater,</strong></span> <span class='ocrx_word' id='word_1_24' title='bbox 956 439 1048 532; x_wconf 46' lang='lat' dir='ltr'><strong>a&amp;</strong></span> 
     </span>
     <span class='ocr_line' id='line_1_4' title="bbox 109 537 807 614; baseline -0.003 -18"><span class='ocrx_word' id='word_1_25' title='bbox 109 537 228 614; x_wconf 86' lang='lat' dir='ltr'>Orphei,</span> <span class='ocrx_word' id='word_1_26' title='bbox 244 538 409 614; x_wconf 51' lang='lat' dir='ltr'><strong>calliopea</strong></span> <span class='ocrx_word' id='word_1_27' title='bbox 431 538 515 611; x_wconf 91' lang='lat' dir='ltr'><strong>Lino,</strong></span> <span class='ocrx_word' id='word_1_28' title='bbox 530 537 671 595; x_wconf 86' lang='lat' dir='ltr'><strong>formosus</strong></span> <span class='ocrx_word' id='word_1_29' title='bbox 684 537 807 613; x_wconf 83' lang='lat' dir='ltr'>Apollo:</span> 
     </span>
     <span class='ocr_line' id='line_1_5' title="bbox 107 615 800 693; baseline -0.001 -20"><span class='ocrx_word' id='word_1_30' title='bbox 107 616 171 673; x_wconf 85' lang='lat' dir='ltr'><strong>Pan</strong></span> <span class='ocrx_word' id='word_1_31' title='bbox 186 616 272 674; x_wconf 90' lang='lat' dir='ltr'><strong>etiam</strong></span> <span class='ocrx_word' id='word_1_32' title='bbox 285 617 410 674; x_wconf 70' lang='lat' dir='ltr'><strong>Arcadici</strong></span> <span class='ocrx_word' id='word_1_33' title='bbox 424 615 577 680; x_wconf 80' lang='lat' dir='ltr'><strong>mecumsi</strong></span> <span class='ocrx_word' id='word_1_34' title='bbox 587 617 687 693; x_wconf 91' lang='lat' dir='ltr'><strong>judice</strong></span> <span class='ocrx_word' id='word_1_35' title='bbox 701 623 800 690; x_wconf 87' lang='lat' dir='ltr'><strong>certet,</strong></span> 
     </span>
     <span class='ocr_line' id='line_1_6' title="bbox 107 687 839 773; baseline -0.003 -21"><span class='ocrx_word' id='word_1_36' title='bbox 107 694 170 752; x_wconf 88' lang='lat' dir='ltr'><strong>Pan</strong></span> <span class='ocrx_word' id='word_1_37' title='bbox 185 687 271 753; x_wconf 56' lang='lat' dir='ltr'><strong>etima</strong></span> <span class='ocrx_word' id='word_1_38' title='bbox 284 695 409 752; x_wconf 75' lang='lat' dir='ltr'><strong>Arcadii</strong></span> <span class='ocrx_word' id='word_1_39' title='bbox 423 695 499 752; x_wconf 91' lang='lat' dir='ltr'><strong>dicat</strong></span> <span class='ocrx_word' id='word_1_40' title='bbox 513 714 544 752; x_wconf 92' lang='lat' dir='ltr'><strong>se</strong></span> <span class='ocrx_word' id='word_1_41' title='bbox 554 695 654 773; x_wconf 88' lang='lat' dir='ltr'><strong>judice</strong></span> <span class='ocrx_word' id='word_1_42' title='bbox 668 693 785 752; x_wconf 90' lang='lat' dir='ltr'><strong>victum.</strong></span> <span class='ocrx_word' id='word_1_43' title='bbox 837 729 839 733; x_wconf 66' lang='lat'>,</span> 
     </span>
    </p>

    <p class='ocr_par' dir='ltr' id='par_1_3' title="bbox 106 773 1089 1084">
     <span class='ocr_line' id='line_1_7' title="bbox 136 773 1089 850; baseline -0.003 -20"><span class='ocrx_word' id='word_1_44' title='bbox 136 773 257 850; x_wconf 86' lang='lat' dir='ltr'><strong>¹Incipe,</strong></span> <span class='ocrx_word' id='word_1_45' title='bbox 271 793 359 849; x_wconf 87' lang='lat' dir='ltr'><strong>parve</strong></span> <span class='ocrx_word' id='word_1_46' title='bbox 372 792 452 850; x_wconf 91' lang='lat' dir='ltr'><strong>puer,</strong></span> <span class='ocrx_word' id='word_1_47' title='bbox 466 773 525 831; x_wconf 86' lang='lat' dir='ltr'><strong>risu</strong></span> <span class='ocrx_word' id='word_1_48' title='bbox 539 791 712 849; x_wconf 83' lang='lat' dir='ltr'><strong>cognoscere</strong></span> <span class='ocrx_word' id='word_1_49' title='bbox 726 780 865 846; x_wconf 87' lang='lat' dir='ltr'><strong>matrem;</strong></span> <span class='ocrx_word' id='word_1_50' title='bbox 1050 775 1089 828; x_wconf 89' lang='grc'><strong>60</strong></span> 
     </span>
     <span class='ocr_line' id='line_1_8' title="bbox 106 851 821 927; baseline -0.003 -17"><span class='ocrx_word' id='word_1_51' title='bbox 106 851 196 910; x_wconf 90' lang='lat' dir='ltr'><strong>Matri</strong></span> <span class='ocrx_word' id='word_1_52' title='bbox 209 851 295 927; x_wconf 87' lang='lat' dir='ltr'><strong>longa</strong></span> <span class='ocrx_word' id='word_1_53' title='bbox 308 852 409 910; x_wconf 89' lang='lat' dir='ltr'><strong>decem</strong></span> <span class='ocrx_word' id='word_1_54' title='bbox 423 853 550 910; x_wconf 85' lang='lat' dir='ltr'><strong>tulerunt</strong></span> <span class='ocrx_word' id='word_1_55' title='bbox 562 851 675 910; x_wconf 83' lang='lat' dir='ltr'><strong>fastidia</strong></span> <span class='ocrx_word' id='word_1_56' title='bbox 689 869 821 909; x_wconf 91' lang='lat' dir='ltr'><strong>menses:</strong></span> 
     </span>
     <span class='ocr_line' id='line_1_9' title="bbox 107 928 823 1007; baseline 0 -21"><span class='ocrx_word' id='word_1_57' title='bbox 107 929 218 1006; x_wconf 89' lang='lat' dir='ltr'><strong>Incipe,</strong></span> <span class='ocrx_word' id='word_1_58' title='bbox 233 949 320 1006; x_wconf 89' lang='lat' dir='ltr'><strong>parve</strong></span> <span class='ocrx_word' id='word_1_59' title='bbox 333 949 421 1007; x_wconf 91' lang='lat' dir='ltr'><strong>puer:</strong></span> <span class='ocrx_word' id='word_1_60' title='bbox 444 931 491 988; x_wconf 91' lang='lat' dir='ltr'><strong>cui</strong></span> <span class='ocrx_word' id='word_1_61' title='bbox 505 949 563 988; x_wconf 93' lang='lat' dir='ltr'><strong>non</strong></span> <span class='ocrx_word' id='word_1_62' title='bbox 577 928 666 988; x_wconf 67' lang='lat' dir='ltr'><strong>risere</strong></span> <span class='ocrx_word' id='word_1_63' title='bbox 679 938 823 1006; x_wconf 88' lang='lat' dir='ltr'><strong>parentes,</strong></span> 
     </span>
     <span class='ocr_line' id='line_1_10' title="bbox 106 1006 910 1084; baseline -0.002 -17"><span class='ocrx_word' id='word_1_64' title='bbox 106 1008 173 1068; x_wconf 89' lang='lat' dir='ltr'><strong>Nec</strong></span> <span class='ocrx_word' id='word_1_65' title='bbox 187 1008 258 1066; x_wconf 88' lang='lat' dir='ltr'><strong>deus</strong></span> <span class='ocrx_word' id='word_1_66' title='bbox 271 1009 350 1067; x_wconf 91' lang='lat' dir='ltr'><strong>hunc</strong></span> <span class='ocrx_word' id='word_1_67' title='bbox 364 1009 475 1084; x_wconf 73' lang='lat' dir='ltr'><strong>mensi,</strong></span> <span class='ocrx_word' id='word_1_68' title='bbox 490 1010 544 1066; x_wconf 89' lang='lat' dir='ltr'><strong>dea</strong></span> <span class='ocrx_word' id='word_1_69' title='bbox 557 1027 612 1067; x_wconf 91' lang='lat' dir='ltr'><strong>nec</strong></span> <span class='ocrx_word' id='word_1_70' title='bbox 627 1009 743 1083; x_wconf 78' lang='lat' dir='ltr'><strong>dignata</strong></span> <span class='ocrx_word' id='word_1_71' title='bbox 756 1006 845 1066; x_wconf 91' lang='lat' dir='ltr'><strong>cubili</strong></span> <span class='ocrx_word' id='word_1_72' title='bbox 859 1016 910 1065; x_wconf 84' lang='lat' dir='ltr'><strong>est</strong></span> 
     </span>
    </p>
   </div>
   <div class='ocr_carea' id='block_1_3' title="bbox 493 1188 699 1199">
    <p class='ocr_par' dir='ltr' id='par_1_4' title="bbox 493 1188 699 1199">
     <span class='ocr_line' id='line_1_11' title="bbox 493 1188 699 1199; baseline -0.01 0"><span class='ocrx_word' id='word_1_73' title='bbox 493 1188 699 1199; x_wconf 42' lang='grc' dir='ltr'><em>,ψ’-*-</em></span> 
     </span>
    </p>
   </div>
   <div class='ocr_carea' id='block_1_4' title="bbox 435 1279 761 1357">
    <p class='ocr_par' dir='ltr' id='par_1_5' title="bbox 435 1279 761 1357">
     <span class='ocr_line' id='line_1_12' title="bbox 435 1279 761 1357; baseline 0.006 -7"><span class='ocrx_word' id='word_1_74' title='bbox 435 1279 682 1357; x_wconf 76' lang='lat' dir='ltr'><strong>ECLOGA</strong></span> <span class='ocrx_word' id='word_1_75' title='bbox 706 1279 761 1352; x_wconf 84' lang='lat' dir='ltr'><strong>V.</strong></span> 
     </span>
    </p>
   </div>
   <div class='ocr_carea' id='block_1_5' title="bbox 431 1519 759 1580">
    <p class='ocr_par' dir='ltr' id='par_1_6' title="bbox 431 1519 759 1580">
     <span class='ocr_line' id='line_1_13' title="bbox 431 1519 759 1580; baseline -0.003 -12"><span class='ocrx_word' id='word_1_76' title='bbox 431 1519 611 1580; x_wconf 79' lang='lat' dir='ltr'><strong>MENALCAS,</strong></span> <span class='ocrx_word' id='word_1_77' title='bbox 625 1520 759 1570; x_wconf 83' lang='lat' dir='ltr'>MOPSUS.</span> 
     </span>
    </p>
   </div>
   <div class='ocr_carea' id='block_1_6' title="bbox 37 1639 972 1933">
    <p class='ocr_par' dir='ltr' id='par_1_7' title="bbox 513 1639 682 1679">
     <span class='ocr_line' id='line_1_14' title="bbox 513 1639 682 1679; baseline 0.012 -2"><span class='ocrx_word' id='word_1_78' title='bbox 513 1639 682 1679; x_wconf 75' lang='lat' dir='ltr'><strong>mrusncas.</strong></span> 
     </span>
    </p>

    <p class='ocr_par' dir='ltr' id='par_1_8' title="bbox 107 1698 972 1854">
     <span class='ocr_line' id='line_1_15' title="bbox 107 1698 972 1776; baseline 0 -18"><span class='ocrx_word' id='word_1_79' title='bbox 107 1699 175 1759; x_wconf 80' lang='lat' dir='ltr'><strong>Can</strong></span> <span class='ocrx_word' id='word_1_80' title='bbox 188 1717 257 1774; x_wconf 91' lang='lat' dir='ltr'><strong>non,</strong></span> <span class='ocrx_word' id='word_1_81' title='bbox 272 1699 387 1775; x_wconf 88' lang='lat' dir='ltr'>Mopse,</span> <span class='ocrx_word' id='word_1_82' title='bbox 401 1698 472 1756; x_wconf 92' lang='lat' dir='ltr'><strong>boni</strong></span> <span class='ocrx_word' id='word_1_83' title='bbox 485 1701 620 1775; x_wconf 91' lang='lat' dir='ltr'><strong>quoniam</strong></span> <span class='ocrx_word' id='word_1_84' title='bbox 635 1699 823 1759; x_wconf 88' lang='lat' dir='ltr'><strong>convenimus</strong></span> <span class='ocrx_word' id='word_1_85' title='bbox 829 1699 931 1776; x_wconf 77' lang='lat' dir='ltr'><strong>ambo,</strong></span> <span class='ocrx_word' id='word_1_86' title='bbox 968 1744 972 1752; x_wconf 90' lang='lat'><strong>.</strong></span> 
     </span>
     <span class='ocr_line' id='line_1_16' title="bbox 108 1776 825 1854; baseline -0.001 -16"><span class='ocrx_word' id='word_1_87' title='bbox 108 1777 155 1838; x_wconf 87' lang='lat' dir='ltr'><strong>Tu</strong></span> <span class='ocrx_word' id='word_1_88' title='bbox 170 1777 294 1835; x_wconf 87' lang='lat' dir='ltr'><strong>calamos</strong></span> <span class='ocrx_word' id='word_1_89' title='bbox 308 1776 407 1834; x_wconf 85' lang='lat' dir='ltr'><strong>inflare</strong></span> <span class='ocrx_word' id='word_1_90' title='bbox 421 1777 510 1852; x_wconf 88' lang='lat' dir='ltr'><strong>leves,</strong></span> <span class='ocrx_word' id='word_1_91' title='bbox 526 1796 579 1851; x_wconf 81' lang='lat' dir='ltr'><strong>ego</strong></span> <span class='ocrx_word' id='word_1_92' title='bbox 594 1778 690 1836; x_wconf 85' lang='lat' dir='ltr'><strong>dicere</strong></span> <span class='ocrx_word' id='word_1_93' title='bbox 703 1782 825 1854; x_wconf 72' lang='lat' dir='ltr'><strong>versus,</strong></span> 
     </span>
    </p>

    <p class='ocr_par' dir='ltr' id='par_1_9' title="bbox 37 1854 806 1933">
     <span class='ocr_line' id='line_1_17' title="bbox 37 1854 806 1933; baseline 0.001 -19"><span class='ocrx_word' id='word_1_94' title='bbox 37 1878 41 1887; x_wconf 91' lang='lat'>·</span> <span class='ocrx_word' id='word_1_95' title='bbox 107 1854 167 1915; x_wconf 87' lang='lat' dir='ltr'><strong>Hic</strong></span> <span class='ocrx_word' id='word_1_96' title='bbox 181 1856 284 1933; x_wconf 87' lang='lat' dir='ltr'><strong>corylis</strong></span> <span class='ocrx_word' id='word_1_97' title='bbox 298 1856 403 1914; x_wconf 88' lang='lat' dir='ltr'><strong>mixtas</strong></span> <span class='ocrx_word' id='word_1_98' title='bbox 417 1856 491 1914; x_wconf 90' lang='lat' dir='ltr'><strong>inter</strong></span> <span class='ocrx_word' id='word_1_99' title='bbox 504 1856 679 1914; x_wconf 90' lang='lat' dir='ltr'><strong>considimus</strong></span> <span class='ocrx_word' id='word_1_100' title='bbox 692 1857 806 1916; x_wconf 85' lang='lat' dir='ltr'><strong>ulmos?</strong></span> 
     </span>
    </p>
   </div>
   <div class='ocr_carea' id='block_1_7' title="bbox 536 1991 661 2032">
    <p class='ocr_par' dir='ltr' id='par_1_10' title="bbox 536 1991 661 2032">
     <span class='ocr_line' id='line_1_18' title="bbox 536 1991 661 2032; baseline 0.024 -3"><span class='ocrx_word' id='word_1_101' title='bbox 536 1991 661 2032; x_wconf 80' lang='lat' dir='ltr'><strong>Morsus.</strong></span> 
     </span>
    </p>
   </div>
   <div class='ocr_carea' id='block_1_8' title="bbox 8 2052 875 2209">
    <p class='ocr_par' dir='ltr' id='par_1_11' title="bbox 8 2052 875 2209">
     <span class='ocr_line' id='line_1_19' title="bbox 14 2052 875 2132; baseline 0.002 -22"><span class='ocrx_word' id='word_1_102' title='bbox 14 2105 17 2110; x_wconf 90' lang='lat'><strong>.</strong></span> <span class='ocrx_word' id='word_1_103' title='bbox 107 2053 155 2111; x_wconf 86' lang='lat' dir='ltr'><strong>Tu</strong></span> <span class='ocrx_word' id='word_1_104' title='bbox 168 2055 267 2132; x_wconf 88' lang='lat' dir='ltr'><strong>major,</strong></span> <span class='ocrx_word' id='word_1_105' title='bbox 281 2052 335 2111; x_wconf 92' lang='lat' dir='ltr'><strong>tibi</strong></span> <span class='ocrx_word' id='word_1_106' title='bbox 348 2071 395 2109; x_wconf 92' lang='lat' dir='ltr'><strong>me</strong></span> <span class='ocrx_word' id='word_1_107' title='bbox 409 2059 453 2110; x_wconf 88' lang='lat' dir='ltr'><strong>est</strong></span> <span class='ocrx_word' id='word_1_108' title='bbox 466 2071 580 2130; x_wconf 83' lang='lat' dir='ltr'><strong>aequum</strong></span> <span class='ocrx_word' id='word_1_109' title='bbox 593 2072 703 2130; x_wconf 88' lang='lat' dir='ltr'><strong>parere,</strong></span> <span class='ocrx_word' id='word_1_110' title='bbox 719 2053 875 2128; x_wconf 68' lang='lat' dir='ltr'><strong>Menalca,</strong></span> 
     </span>
     <span class='ocr_line' id='line_1_20' title="bbox 8 2131 856 2209; baseline 0.001 -19"><span class='ocrx_word' id='word_1_111' title='bbox 8 2166 10 2172; x_wconf 94' lang='lat'>·</span> <span class='ocrx_word' id='word_1_112' title='bbox 108 2131 177 2190; x_wconf 90' lang='lat' dir='ltr'><strong>Sive</strong></span> <span class='ocrx_word' id='word_1_113' title='bbox 192 2131 245 2189; x_wconf 93' lang='lat' dir='ltr'><strong>sub</strong></span> <span class='ocrx_word' id='word_1_114' title='bbox 258 2132 381 2190; x_wconf 84' lang='lat' dir='ltr'><strong>incertas</strong></span> <span class='ocrx_word' id='word_1_115' title='bbox 395 2131 717 2209; x_wconf 75' lang='lat' dir='ltr'><strong>zephyris&#39;mo&#39;tantibus</strong></span> <span class='ocrx_word' id='word_1_116' title='bbox 730 2132 856 2209; x_wconf 88' lang='lat' dir='ltr'><strong>umbras,</strong></span> 
     </span>
    </p>
   </div>
   <div class='ocr_carea' id='block_1_9' title="bbox 109 2207 1013 2365">
    <p class='ocr_par' dir='ltr' id='par_1_12' title="bbox 109 2207 1013 2365">
     <span class='ocr_line' id='line_1_21' title="bbox 109 2207 1013 2288; baseline 0.002 -21"><span class='ocrx_word' id='word_1_117' title='bbox 109 2209 178 2268; x_wconf 87' lang='lat' dir='ltr'><strong>Sive</strong></span> <span class='ocrx_word' id='word_1_118' title='bbox 193 2218 272 2267; x_wconf 90' lang='lat' dir='ltr'><strong>antro</strong></span> <span class='ocrx_word' id='word_1_119' title='bbox 285 2207 391 2287; x_wconf 75' lang='lat' dir='ltr'><strong>potins,</strong></span> <span class='ocrx_word' id='word_1_120' title='bbox 406 2211 604 2269; x_wconf 88' lang='lat' dir='ltr'><strong>succedimus:</strong></span> <span class='ocrx_word' id='word_1_121' title='bbox 627 2212 743 2288; x_wconf 81' lang='lat' dir='ltr'><strong>adspice</strong></span> <span class='ocrx_word' id='word_1_122' title='bbox 756 2220 788 2270; x_wconf 88' lang='lat' dir='ltr'><strong>ut</strong></span> <span class='ocrx_word' id='word_1_123' title='bbox 802 2219 914 2271; x_wconf 88' lang='lat' dir='ltr'><strong>antrum</strong></span> <span class='ocrx_word' id='word_1_124' title='bbox 1011 2218 1013 2221; x_wconf 82' lang='grc'><strong>’</strong></span> 
     </span>
     <span class='ocr_line' id='line_1_22' title="bbox 109 2287 739 2365; baseline 0 -19"><span class='ocrx_word' id='word_1_125' title='bbox 109 2287 253 2346; x_wconf 84' lang='lat' dir='ltr'><strong>Silvestris</strong></span> <span class='ocrx_word' id='word_1_126' title='bbox 267 2289 336 2346; x_wconf 87' lang='lat' dir='ltr'><strong>raris</strong></span> <span class='ocrx_word' id='word_1_127' title='bbox 349 2289 452 2365; x_wconf 79' lang='lat' dir='ltr'><strong>sparsit</strong></span> <span class='ocrx_word' id='word_1_128' title='bbox 464 2289 596 2347; x_wconf 87' lang='lat' dir='ltr'><strong>labrusca</strong></span> <span class='ocrx_word' id='word_1_129' title='bbox 608 2290 739 2348; x_wconf 85' lang='lat' dir='ltr'><strong>racemis.</strong></span> 
     </span>
    </p>
   </div>
   <div class='ocr_carea' id='block_1_10' title="bbox 86 2426 845 2568">
    <p class='ocr_par' dir='ltr' id='par_1_13' title="bbox 86 2426 845 2568">
     <span class='ocr_line' id='line_1_23' title="bbox 86 2426 845 2568; baseline 0.005 -26"><span class='ocrx_word' id='word_1_130' title='bbox 86 2547 87 2551; x_wconf 65' lang='lat'>,</span> <span class='ocrx_word' id='word_1_131' title='bbox 104 2483 259 2568; x_wconf 16' lang='lat' dir='ltr'><strong>*Montibus</strong></span> <span class='ocrx_word' id='word_1_132' title='bbox 272 2485 302 2542; x_wconf 92' lang='lat' dir='ltr'><strong>in</strong></span> <span class='ocrx_word' id='word_1_133' title='bbox 316 2486 420 2543; x_wconf 90' lang='lat' dir='ltr'><strong>nostris</strong></span> <span class='ocrx_word' id='word_1_134' title='bbox 435 2426 683 2544; x_wconf 50' lang='lat' dir='ltr'><strong>solusrffbliAclecrigt</strong></span> <span class='ocrx_word' id='word_1_135' title='bbox 694 2475 845 2564; x_wconf 85' lang='lat' dir='ltr'><strong>Amyntas.</strong></span> 
     </span>
    </p>
   </div>
   <div class='ocr_carea' id='block_1_11' title="bbox 113 2621 906 2757">
    <p class='ocr_par' dir='ltr' id='par_1_14' title="bbox 113 2621 906 2757">
     <span class='ocr_line' id='line_1_24' title="bbox 113 2621 906 2757; baseline 0.008 -22"><span class='ocrx_word' id='word_1_136' title='bbox 113 2677 202 2752; x_wconf 81' lang='lat' dir='ltr'><strong>Quid,</strong></span> <span class='ocrx_word' id='word_1_137' title='bbox 217 2678 242 2735; x_wconf 89' lang='lat' dir='ltr'><strong>si</strong></span> <span class='ocrx_word' id='word_1_138' title='bbox 255 2677 333 2735; x_wconf 90' lang='lat' dir='ltr'><strong>idem</strong></span> <span class='ocrx_word' id='word_1_139' title='bbox 348 2685 438 2736; x_wconf 89' lang='lat' dir='ltr'><strong>certet</strong></span> <span class='ocrx_word' id='word_1_140' title='bbox 449 2621 742 2757; x_wconf 52' lang='lat' dir='ltr'><strong>Phoebniiiiissiisperare</strong></span> <span class='ocrx_word' id='word_1_141' title='bbox 755 2685 906 2741; x_wconf 84' lang='lat' dir='ltr'><strong>canendo?</strong></span> 
     </span>
    </p>
   </div>
   <div class='ocr_carea' id='block_1_12' title="bbox 108 2814 987 3110">
    <p class='ocr_par' dir='ltr' id='par_1_15' title="bbox 108 2814 987 3110">
     <span class='ocr_line' id='line_1_25' title="bbox 110 2814 987 2956; baseline 0.009 -25"><span class='ocrx_word' id='word_1_142' title='bbox 110 2873 220 2950; x_wconf 89' lang='lat' dir='ltr'><strong>Incipe,</strong></span> <span class='ocrx_word' id='word_1_143' title='bbox 235 2873 350 2949; x_wconf 89' lang='lat' dir='ltr'><strong>Mopse,</strong></span> <span class='ocrx_word' id='word_1_144' title='bbox 365 2872 457 2950; x_wconf 81' lang='lat' dir='ltr'><strong>prior3</strong></span> <span class='ocrx_word' id='word_1_145' title='bbox 480 2874 504 2931; x_wconf 91' lang='lat' dir='ltr'><strong>si</strong></span> <span class='ocrx_word' id='word_1_146' title='bbox 515 2814 808 2953; x_wconf 41' lang='lat' dir='ltr'><strong>pppsrpppsshyffidis</strong></span> <span class='ocrx_word' id='word_1_147' title='bbox 822 2878 913 2956; x_wconf 86' lang='lat' dir='ltr'><strong>ignes,</strong></span> <span class='ocrx_word' id='word_1_148' title='bbox 957 2864 965 2884; x_wconf 58' lang='lat'>³</span> <span class='ocrx_word' id='word_1_149' title='bbox 981 2909 987 2919; x_wconf 93' lang='lat'>·</span> 
     </span>
     <span class='ocr_line' id='line_1_26' title="bbox 108 2951 920 3033; baseline 0.007 -23"><span class='ocrx_word' id='word_1_150' title='bbox 108 2953 170 3010; x_wconf 79' lang='lat' dir='ltr'><strong>Aut</strong></span> <span class='ocrx_word' id='word_1_151' title='bbox 182 2951 302 3010; x_wconf 88' lang='lat' dir='ltr'><strong>Alconis</strong></span> <span class='ocrx_word' id='word_1_152' title='bbox 315 2951 405 3009; x_wconf 89' lang='lat' dir='ltr'><strong>habes</strong></span> <span class='ocrx_word' id='word_1_153' title='bbox 418 2952 528 3028; x_wconf 88' lang='lat' dir='ltr'><strong>laudes,</strong></span> <span class='ocrx_word' id='word_1_154' title='bbox 544 2964 592 3012; x_wconf 88' lang='lat' dir='ltr'><strong>aut</strong></span> <span class='ocrx_word' id='word_1_155' title='bbox 601 2956 697 3033; x_wconf 85' lang='lat' dir='ltr'><strong>jurgia</strong></span> <span class='ocrx_word' id='word_1_156' title='bbox 711 2957 815 3015; x_wconf 80' lang='lat' dir='ltr'><strong>Codri:</strong></span> <span class='ocrx_word' id='word_1_157' title='bbox 918 3013 920 3016; x_wconf 78' lang='grc'>,</span> 
     </span>
     <span class='ocr_line' id='line_1_27' title="bbox 110 3030 790 3110; baseline 0.004 -20"><span class='ocrx_word' id='word_1_158' title='bbox 110 3030 228 3108; x_wconf 89' lang='lat' dir='ltr'><strong>Incipe;</strong></span> <span class='ocrx_word' id='word_1_159' title='bbox 249 3039 401 3108; x_wconf 85' lang='lat' dir='ltr'><strong>pascentes</strong></span> <span class='ocrx_word' id='word_1_160' title='bbox 415 3031 541 3090; x_wconf 82' lang='lat' dir='ltr'><strong>servabit</strong></span> <span class='ocrx_word' id='word_1_161' title='bbox 552 3033 668 3110; x_wconf 86' lang='lat' dir='ltr'><strong>Tityrus</strong></span> <span class='ocrx_word' id='word_1_162' title='bbox 682 3035 790 3094; x_wconf 85' lang='lat' dir='ltr'><strong>haedos.</strong></span> 
     </span>
    </p>
   </div>
   <div class='ocr_carea' id='block_1_13' title="bbox 94 3168 860 3464">
    <p class='ocr_par' dir='ltr' id='par_1_16' title="bbox 94 3168 860 3464">
     <span class='ocr_line' id='line_1_28' title="bbox 110 3168 797 3308; baseline 0.009 -25"><span class='ocrx_word' id='word_1_163' title='bbox 110 3227 204 3284; x_wconf 92' lang='lat' dir='ltr'><strong>Immo</strong></span> <span class='ocrx_word' id='word_1_164' title='bbox 218 3226 281 3284; x_wconf 82' lang='lat' dir='ltr'><strong>haec</strong></span> <span class='ocrx_word' id='word_1_165' title='bbox 294 3227 325 3284; x_wconf 93' lang='lat' dir='ltr'><strong>in</strong></span> <span class='ocrx_word' id='word_1_166' title='bbox 338 3227 424 3285; x_wconf 88' lang='lat' dir='ltr'><strong>viridi</strong></span> <span class='ocrx_word' id='word_1_167' title='bbox 437 3246 530 3304; x_wconf 88' lang='lat' dir='ltr'><strong>nuper</strong></span> <span class='ocrx_word' id='word_1_168' title='bbox 538 3168 726 3305; x_wconf 50' lang='grc' dir='ltr'><strong>ζιῖἒὲἰῇἰοο</strong></span> <span class='ocrx_word' id='word_1_169' title='bbox 739 3231 797 3308; x_wconf 82' lang='lat' dir='ltr'><strong>sagi</strong></span> 
     </span>
     <span class='ocr_line' id='line_1_29' title="bbox 94 3304 860 3387; baseline 0.01 -25"><span class='ocrx_word' id='word_1_170' title='bbox 94 3358 96 3362; x_wconf 89' lang='lat'><strong>.</strong></span> <span class='ocrx_word' id='word_1_171' title='bbox 111 3305 247 3362; x_wconf 82' lang='lat' dir='ltr'><strong>Carmina</strong></span> <span class='ocrx_word' id='word_1_172' title='bbox 261 3304 408 3381; x_wconf 81' lang='lat' dir='ltr'><strong>descripsi,</strong></span> <span class='ocrx_word' id='word_1_173' title='bbox 423 3314 453 3365; x_wconf 91' lang='lat' dir='ltr'><strong>et</strong></span> <span class='ocrx_word' id='word_1_174' title='bbox 465 3308 623 3366; x_wconf 82' lang='lat' dir='ltr'><strong>modulans·</strong></span> <span class='ocrx_word' id='word_1_175' title='bbox 631 3309 740 3367; x_wconf 84' lang='lat' dir='ltr'><strong>alterna</strong></span> <span class='ocrx_word' id='word_1_176' title='bbox 752 3311 860 3387; x_wconf 81' lang='lat' dir='ltr'><strong>notavi,</strong></span> 
     </span>
     <span class='ocr_line' id='line_1_30' title="bbox 111 3382 822 3464; baseline 0.008 -25"><span class='ocrx_word' id='word_1_177' title='bbox 111 3382 270 3460; x_wconf 82' lang='lat' dir='ltr'><strong>Experiar:</strong></span> <span class='ocrx_word' id='word_1_178' title='bbox 293 3391 323 3441; x_wconf 92' lang='lat' dir='ltr'><strong>tu</strong></span> <span class='ocrx_word' id='word_1_179' title='bbox 338 3385 443 3442; x_wconf 88' lang='lat' dir='ltr'><strong>deinde</strong></span> <span class='ocrx_word' id='word_1_180' title='bbox 453 3384 556 3462; x_wconf 88' lang='lat' dir='ltr'><strong>jubeto</strong></span> <span class='ocrx_word' id='word_1_181' title='bbox 570 3395 661 3446; x_wconf 88' lang='lat' dir='ltr'><strong>certet</strong></span> <span class='ocrx_word' id='word_1_182' title='bbox 672 3389 822 3464; x_wconf 82' lang='lat' dir='ltr'><strong>Amyntas.</strong></span> 
     </span>
    </p>
   </div>
   <div class='ocr_carea' id='block_1_14' title="bbox 64 3508 808 3737">
    <p class='ocr_par' dir='ltr' id='par_1_17' title="bbox 64 3508 808 3737">
     <span class='ocr_line' id='line_1_31' title="bbox 517 3508 688 3564; baseline 0.018 -4"><span class='ocrx_word' id='word_1_183' title='bbox 517 3508 688 3564; x_wconf 72' lang='lat' dir='ltr'><strong>manaseas.</strong></span> 
     </span>
     <span class='ocr_line' id='line_1_32' title="bbox 111 3577 773 3659; baseline 0.009 -23"><span class='ocrx_word' id='word_1_184' title='bbox 111 3579 205 3636; x_wconf 87' lang='lat' dir='ltr'><strong>Lenta</strong></span> <span class='ocrx_word' id='word_1_185' title='bbox 218 3577 291 3635; x_wconf 86' lang='lat' dir='ltr'><strong>salix</strong></span> <span class='ocrx_word' id='word_1_186' title='bbox 305 3577 444 3654; x_wconf 75' lang='lat' dir='ltr'><strong>quantum</strong></span> <span class='ocrx_word' id='word_1_187' title='bbox 456 3581 576 3657; x_wconf 85' lang='lat' dir='ltr'><strong>pallenti</strong></span> <span class='ocrx_word' id='word_1_188' title='bbox 590 3583 668 3643; x_wconf 88' lang='lat' dir='ltr'><strong>cedit</strong></span> <span class='ocrx_word' id='word_1_189' title='bbox 680 3583 773 3659; x_wconf 86' lang='lat' dir='ltr'><strong>olivae,</strong></span> 
     </span>
     <span class='ocr_line' id='line_1_33' title="bbox 64 3655 808 3737; baseline 0.009 -24"><span class='ocrx_word' id='word_1_190' title='bbox 64 3692 71 3705; x_wconf 87' lang='lat'><strong>·</strong></span> <span class='ocrx_word' id='word_1_191' title='bbox 111 3655 249 3714; x_wconf 86' lang='lat' dir='ltr'><strong>Puniceis</strong></span> <span class='ocrx_word' id='word_1_192' title='bbox 262 3655 379 3715; x_wconf 91' lang='lat' dir='ltr'><strong>humilis</strong></span> <span class='ocrx_word' id='word_1_193' title='bbox 392 3656 531 3734; x_wconf 76' lang='lat' dir='ltr'><strong>quantum</strong></span> <span class='ocrx_word' id='word_1_194' title='bbox 545 3660 673 3719; x_wconf 87' lang='lat' dir='ltr'><strong>saliunca</strong></span> <span class='ocrx_word' id='word_1_195' title='bbox 686 3663 808 3737; x_wconf 56' lang='lat' dir='ltr'><strong>rosetisp</strong></span> 
     </span>
    </p>
   </div>
   <div class='ocr_carea' id='block_1_15' title="bbox 1 3731 807 3819">
    <p class='ocr_par' dir='ltr' id='par_1_18' title="bbox 1 3731 807 3819">
     <span class='ocr_line' id='line_1_34' title="bbox 1 3731 807 3819; baseline 0.014 -28"><span class='ocrx_word' id='word_1_196' title='bbox 1 3731 21 3809; x_wconf 45' lang='grc' dir='ltr'>ᾖ</span> <span class='ocrx_word' id='word_1_197' title='bbox 29 3748 43 3806; x_wconf 62' lang='grc'><strong>3,</strong></span> <span class='ocrx_word' id='word_1_198' title='bbox 111 3732 225 3794; x_wconf 88' lang='lat' dir='ltr'><strong>Judicio</strong></span> <span class='ocrx_word' id='word_1_199' title='bbox 239 3741 335 3792; x_wconf 91' lang='lat' dir='ltr'><strong>nostro</strong></span> <span class='ocrx_word' id='word_1_200' title='bbox 349 3733 461 3797; x_wconf 69' lang='lat' dir='ltr'><strong>tantum</strong></span> <span class='ocrx_word' id='word_1_201' title='bbox 474 3736 528 3795; x_wconf 90' lang='lat' dir='ltr'><strong>tibi</strong></span> <span class='ocrx_word' id='word_1_202' title='bbox 541 3739 619 3801; x_wconf 92' lang='lat' dir='ltr'><strong>cedit</strong></span> <span class='ocrx_word' id='word_1_203' title='bbox 628 3741 780 3819; x_wconf 81' lang='lat' dir='ltr'><strong>Amyntas.</strong></span> <span class='ocrx_word' id='word_1_204' title='bbox 805 3739 807 3742; x_wconf 67' lang='grc'>’</span> 
     </span>
    </p>
   </div>
   <div class='ocr_carea' id='block_1_16' title="bbox 0 0 1208 4178">
    <p class='ocr_par' dir='ltr' id='par_1_19' title="bbox 0 0 1208 4178">
     <span class='ocr_line' id='line_1_35' title="bbox 0 0 1208 4178; baseline 0 0"><span class='ocrx_word' id='word_1_205' title='bbox 0 0 1208 4178; x_wconf 95' lang='lat' dir='ltr'><strong> </strong></span> 
     </span>
    </p>
   </div>
  </div>
 </body>
</html>
