2400 4178
148 202 184 257 rs
434 266 439 284 ι
499 198 785 285 ononorconurr

147 348 290 423 Flevisse,
305 357 335 406 et
347 348 450 424 gelidis
463 348 527 407 baec
542 349 685 407 evolvisse
698 348 751 406 sub
765 348 864 424 antris,

147 427 329 485 Mulcentem
343 428 439 501 tigres,
454 436 483 484 et
496 436 630 503 agentem
643 427 771 484 carmine
783 444 918 503 quercus.
1071 434 1139 491 elo

148 505 251 576 Qualis
264 505 390 581 populed
405 524 529 563 moerens
543 505 705 562 Philomela
718 504 771 562 sub
789 504 892 563 umbri

146 584 277 641 Amissos
289 584 415 658 queritur
428 583 523 657 foetus,
536 602 610 659 quos
624 583 713 641 durus
726 592 819 641 arator

147 660 311 720 Observans
325 660 393 718 nido
407 661 561 737 implumes
574 661 713 733 detraxit3
734 670 765 719 at
776 660 826 719 ills

145 738 215 797 Flet
228 748 352 813 noctem,
367 757 502 815 ramoque
516 739 621 797 sedens
638 738 800 797 miserabile
813 756 930 797 carmen

147 816 282 891 Integrat,
297 826 327 874 et
339 817 448 875 moestis
462 814 519 875 late
533 816 597 873 loca
610 817 759 893 questibus
773 816 882 894 implet.

145 893 237 952 Nulla
250 894 362 968 Venus,
376 914 434 952 non
449 895 502 952 ulli
516 895 643 952 animum
656 893 764 953 flexbre
778 890 945 970 Hymcnoei.

147 971 232 1029 Solus
247 972 450 1048 Hyperboreas
463 973 580 1048 glacies,
595 968 777 1048 Tanaimque
790 972 926 1048 nivelem,

145 1052 280 1125 Arvaque
294 1050 427 1127 Rhipreis
440 1069 588 1127 nunquam
601 1051 717 1108 viduato
728 1050 848 1127 pruinis,

145 1127 307 1202 Lustrabat,
322 1138 431 1205 raptam
446 1128 613 1204 Eurydicen
627 1136 713 1205 atque
726 1128 805 1186 irrita
816 1126 894 1187 Ditis

144 1204 231 1261 Dona
244 1224 366 1281 querens
379 1226 385 1262 :
407 1214 510 1282 spretae
521 1207 663 1264 Ciconum
678 1225 735 1282 quo
748 1224 868 1264 munere
881 1214 996 1281 manes,

146 1282 225 1341 inter
238 1302 318 1341 sacre
331 1284 418 1341 desim
433 1285 622 1360 nocturnique
636 1286 716 1360 orgia
727 1284 848 1359 Bacchi,

144 1360 328 1438 Discerptum
342 1362 415 1420 latos
424 1366 564 1440 juvenem
578 1361 707 1439 sparsere
720 1380 773 1437 per
783 1380 873 1436 agros.

145 1437 222 1496 Tum
237 1459 352 1516 quoque
363 1442 522 1498 marmorei
536 1449 622 1516 eaput
636 1453 653 1496 a
665 1440 779 1496 cervice
792 1439 939 1497 revulsum

145 1515 265 1591 Gurgite
279 1538 367 1592 quum
381 1518 477 1575 medio
490 1527 605 1593 portans
620 1517 758 1591 OEagrius
769 1516 888 1574 Hebrus

144 1592 474 1670 VolveretEurydicen
489 1614 546 1652 vox
559 1596 623 1671 ipsa
634 1603 665 1654 et
677 1594 779 1670 frigide
790 1594 899 1670 lingua,

144 1671 192 1728 Ab
207 1674 340 1730 miserem
355 1673 540 1748 Eurydicen!
563 1673 658 1731 animi
671 1673 809 1749 fugiente,
824 1672 961 1731 vocabat:

143 1748 309 1826 Eurydicen
325 1759 384 1810 toto
397 1751 559 1811 referebant
571 1751 690 1810 flumine
702 1752 781 1828 ripae.

184 1829 258 1886 Haec
272 1830 410 1888 Proteus:
432 1839 462 1888 et
475 1849 506 1888 se
517 1833 598 1909 jactu
612 1831 691 1890 dedit
705 1849 802 1907 equor
814 1830 845 1887 in
859 1829 964 1904 ultum3

145 1906 270 1983 Quique
285 1908 373 1983 dedit,
388 1918 568 1986 spumantem
582 1911 689 1967 undam
704 1909 756 1967 sub
770 1908 877 1967 vortice
888 1908 977 1966 torsit.

183 1987 223 2043 At
236 2005 293 2043 non
305 1986 439 2062 Cyrene,
461 2006 585 2063 namque
598 1988 672 2045 ultro
686 1987 772 2046 affata
784 1987 951 2045 timentem:

143 2062 231 2137 Nate,
246 2064 315 2121 licet
327 2066 421 2123 tristes
436 2066 533 2122 animo
547 2066 691 2142 deponere
704 2084 797 2122 cures.

143 2139 218 2197 Hrec
233 2142 327 2199 omnis
341 2142 434 2200 morbi
448 2160 550 2199 causa:
570 2143 639 2200 hinc
653 2141 816 2198 miserabile
830 2140 987 2218 Nymphas,

143 2217 219 2275 Cum
233 2218 336 2294 quibus
350 2220 399 2277 illa
413 2218 516 2277 choros
528 2220 601 2277 lucis
616 2218 741 2294 agitabat
753 2220 783 2276 in
798 2219 872 2294 altis,

143 2294 275 2352 Exitium
290 2295 394 2354 misere
409 2295 518 2372 apibus.
561 2297 609 2354 Tu
623 2316 743 2355 munera
756 2296 878 2374 supplex

143 2372 246 2430 Tende
260 2383 361 2451 petens
375 2393 487 2451 pacem,
503 2383 532 2435 et
545 2374 644 2433 faciles
657 2394 794 2433 venerare
807 2376 951 2452 Napeae:

142 2450 277 2527 Namque
292 2451 401 2510 dabunt
413 2453 528 2510 veniam
542 2454 626 2528 votis,
641 2455 754 2530 irasque
768 2455 922 2512 remittent.

144 2529 202 2587 Sed
217 2531 319 2588 modus
332 2531 432 2588 orandi
446 2532 494 2607 qui
508 2532 554 2607 ait,
567 2529 647 2610 priris
660 2534 761 2591 ordine
775 2533 877 2591 dicam.

144 2607 276 2677 Quatuor
290 2609 411 2668 eximios
424 2611 569 2685 praestanti
583 2630 700 2688 corpore
715 2620 820 2687 teuros,

144 2686 204 2756 Qui
218 2686 270 2744 tibi
283 2707 361 2745 nunc
375 2689 647 2767 viridisdeposcunt
660 2710 773 2749 summa
786 2691 895 2766 Lycoei,

142 2763 257 2841 Delige,
272 2774 302 2824 et
315 2767 422 2826 intacti
436 2768 556 2826 totidem
573 2770 685 2827 cervice
695 2771 844 2846 juvencas.

143 2843 275 2913 Quatuor
288 2844 334 2902 his
348 2863 410 2911 aras
424 2845 481 2903 alta
494 2847 530 2902 ad
544 2847 664 2904 delubra
676 2846 794 2903 dearum

142 2921 303 2995 Constitue,
319 2930 348 2978 et
361 2941 472 2980 sacrum
482 2924 592 2999 jugulis
606 2923 724 2981 demitte
738 2940 877 2998 cruorem,

142 2998 326 3075 Corporaque
337 3000 400 3075 ipsa
412 2999 500 3055 boum
514 3001 649 3059 frondoso
663 3000 763 3057 desere
777 2998 851 3056 luco.

141 3072 225 3151 Post,
236 3076 287 3133 ubi
300 3096 378 3134 nona
390 3095 456 3134 suos
470 3079 582 3136 Aurora
592 3077 746 3139 ostenderit
760 3085 847 3152 ortus,

142 3153 263 3212 inferias
277 3154 387 3230 Orphei
400 3154 520 3212 Lethaea
532 3175 675 3232 papavera
687 3155 793 3230 mittes,

140 3231 289 3290 Placatam
303 3232 471 3308 Eurydicen
485 3234 575 3291 vitula
588 3232 763 3291 venerabere
778 3233 862 3309 caesr't,

141 3310 183 3368 Et
195 3311 306 3386 nigram
320 3311 458 3368 mactabis
473 3330 567 3386 ovem,
581 3311 737 3386 lucumque
752 3311 867 3370 revises.

181 3389 270 3446 Haud
282 3408 371 3464 mora,
386 3386 523 3447 continuo
538 3390 634 3446 matris
647 3398 791 3465 praecepta
803 3389 935 3449 facessit:

141 3467 188 3524 Ad
203 3467 433 3539 celebrarent,
456 3474 625 3524 monstratas
640 3467 746 3524 excitat
759 3487 837 3542 eras3

143 3545 276 3615 Quatuor
289 3546 410 3604 eximios
423 3545 569 3622 praestnnti
583 3564 701 3622 corpore
715 3552 810 3605 tauros

141 3622 240 3699 Ducit,
256 3632 285 3682 et
297 3624 404 3683 intacti
418 3624 537 3684 totidem
551 3624 664 3682 cervice
674 3627 822 3702 juvencas.
937 3696 940 3700 ,

141 3698 222 3779 Pdst,
236 3703 286 3759 nbi
300 3722 377 3760 nona
390 3722 456 3762 suos
470 3703 582 3760 Aurora
594 3702 746 3762 induxerat
759 3713 848 3781 ortus,
