2400 4178
105 186 159 241 208
503 183 685 239 AENEIDOS

107 333 264 408 Turbaque
278 333 397 390 miratur
409 340 541 407 matrum,
555 341 584 390 et
596 342 759 411 prospectat
773 343 902 412 euntem,

106 413 244 471 Attonitis
258 412 372 469 inhians
387 411 507 482 animis;
529 420 561 469 ut
574 413 668 486 regius
682 422 758 470 ostro

108 491 196 549 Velet
211 490 302 547 honos
317 490 395 546 leros
410 490 563 561 humeros3
586 498 618 547 ut
629 491 718 547 fibula
730 492 839 549 crinem
1039 498 1103 552 815

106 574 185 627 Auro
200 569 388 639 internectat;
413 568 531 643 Lyciam
546 576 578 625 ut
592 577 670 643 gerat
683 569 747 645 ipsa
759 570 933 648 pharetram,

106 648 147 706 Et
160 647 330 725 pastoralem
346 647 464 724 praefixa
480 646 598 724 cuspide
613 656 747 722 myrtum.

493 860 697 869 —--———.

454 973 734 1046 AENEIDOS

419 1147 547 1206 ursan
569 1134 772 1207 OCTAVUS.

106 1281 154 1340 Ur
169 1281 239 1339 belli
253 1281 366 1355 signum
381 1281 518 1339 Laurenti
533 1282 650 1339 Turnus
665 1281 700 1338 ab
715 1301 780 1338 arce

106 1358 230 1432 Extulit,
245 1370 274 1416 et
288 1379 373 1416 rauco
388 1367 569 1436 strepuerunt
583 1379 689 1417 cornua
703 1370 798 1433 cantu,

107 1438 204 1513 thue
219 1457 297 1494 acres
312 1440 457 1496 concussit
470 1459 569 1514 equos,
584 1448 673 1513 utque
687 1438 802 1513 impulit
816 1457 913 1513 arma5

107 1516 264 1592 Extemplo
279 1517 382 1573 turbati
398 1518 501 1587 auimi;
524 1516 607 1574 simul
623 1534 709 1572 omne
723 1517 854 1574 tumultu

106 1594 245 1670 Conjurat
258 1595 368 1669 trepido
383 1595 507 1667 Latium,
522 1595 661 1669 saeritque
672 1597 811 1672 juventus
945 1666 948 1671 Ι

106 1672 213 1728 llll'cra.
256 1674 398 1729 Ductores
412 1673 505 1748 primi,
521 1674 684 1749 Messapus,
700 1683 729 1730 et
743 1674 844 1749 Ufens,

106 1751 352 1826 Contemptorque
367 1752 452 1807 deirm
467 1753 641 1828 Mezentius,
657 1753 786 1828 undique
800 1760 910 1828 cogunt

106 1829 234 1903 Auxilia,
249 1838 278 1886 et
291 1830 362 1887 latos
376 1840 488 1888 vastant
502 1832 657 1888 cultoribus
672 1851 761 1905 agros.
772 1835 785 1841 ’“

106 1907 233 1964 Mittitur
247 1917 275 1965 et
289 1910 385 1984 magni
400 1910 534 1967 Venulus
548 1910 700 1967 Diomedis
715 1910 751 1966 ad
764 1908 876 1983 urbem,
985 1936 989 1941 ’

107 1985 166 2055 Qui
179 1994 258 2062 petat
272 1988 419 2060 auxilium,
435 1997 464 2044 ct
479 1990 561 2046 Latio
576 1989 730 2045 consistere
750 1988 890 2062 Teucros,
974 2021 978 2027 ·

106 2066 269 2123 Advectum
284 2067 399 2134 AEnean
414 2067 507 2140 classi,
522 2068 671 2140 victosque
686 2066 811 2122 Penates

107 2143 225 2216 inferre,
241 2153 269 2200 ct
283 2144 346 2201 fatis
361 2162 456 2217 regem
472 2164 502 2200 sc
517 2144 612 2201 dicere
626 2144 716 2219 posci,

106 2221 246 2295 Edoceat,
262 2223 422 2297 multasque
436 2222 498 2278 viro
512 2241 543 2278 se
558 2222 713 2299 adjungere
727 2230 827 2296 gentes

104 2300 262 2373 Dardanio,
278 2308 307 2357 et
320 2297 376 2356 late
392 2300 474 2357 Latio
489 2300 700 2357 increbrescere
714 2320 841 2357 nomen:

106 2378 184 2449 Quid
200 2387 289 2436 struat
301 2378 346 2435 his
361 2379 472 2454 coeptis,
488 2398 583 2455 quem,
599 2379 622 2436 si
636 2379 748 2435 fortuna
762 2387 908 2456 sequatur,

105 2457 252 2514 Eventum
267 2476 372 2532 pugnae
387 2459 494 2533 cupiat,
510 2454 688 2515 manifestius
706 2458 771 2532 ipsi,

105 2533 201 2607 Quam
217 2535 317 2593 Turno
332 2537 392 2611 regi
407 2545 456 2594 aut
469 2538 529 2612 regi
543 2556 679 2614 apparere
694 2536 806 2594 Latino.

144 2614 228 2671 Talia
240 2634 292 2691 per
306 2616 437 2673 Latium:
459 2636 524 2692 quae
540 2616 765 2685 Laomedontius
778 2614 864 2671 heros

105 2692 219 2750 Cuncta
232 2695 342 2768 videns,
358 2715 461 2771 magno
476 2716 609 2754 curarum
622 2696 741 2753 fluctuat
755 2701 836 2766 aestu,

104 2774 200 2847 Atque
215 2773 343 2830 animum
357 2793 434 2832 nunc
448 2774 505 2831 huc
520 2775 653 2848 celerem,
668 2792 746 2830 nunc
761 2770 861 2829 dividit
874 2769 955 2848 illuc,
1057 2781 1100 2841 20

106 2849 138 2906 In
150 2859 303 2927 partesque
318 2853 390 2926 rapit
404 2853 505 2926 varias,
520 2870 628 2928 perque
642 2852 739 2907 omnia
752 2857 855 2907 versat

106 2928 186 2984 Sicut
200 2947 280 3003 aquae
296 2930 447 2985 tremulum
462 2927 548 2985 labris
561 2926 612 2984 ubi
625 2926 723 2983 lumen
740 2927 849 3003 ahenis,

105 3004 172 3061 Sole
188 3025 395 3079 repercussum,
412 3014 461 3062 aut
474 3006 608 3062 radiantis
622 3005 747 3080 imagine
762 3005 849 3081 lunae,

105 3081 210 3139 Omnia
223 3083 374 3158 pervolitat
387 3081 443 3157 late
459 3082 535 3153 loca;
553 3086 672 3159 jamque
687 3084 740 3141 sub
756 3104 837 3142 auras

104 3159 242 3234 Erigitur,
258 3160 419 3235 summique
433 3161 497 3217 serit
511 3161 656 3235 laquearia
669 3162 746 3218 tecti.
818 3158 820 3163 '

104 3238 174 3295 Nox
189 3246 257 3312 erat,
273 3246 301 3294 et
314 3245 402 3295 terras
417 3238 552 3295 animalia
566 3238 640 3294 lessa
654 3257 705 3312 per
719 3259 828 3315 omnes,

104 3316 235 3375 Alituum
249 3317 453 3393 pecudumque
468 3335 569 3390 genus,
585 3336 669 3391 sopor
683 3318 755 3373 altus
769 3317 911 3391 habebat;

106 3392 205 3466 Quum
219 3404 299 3472 pater
312 3396 341 3451 in
356 3395 417 3470 ripd
432 3395 576 3470 gelidique
591 3395 643 3451 sub
658 3395 772 3452 retheris
787 3415 841 3453 axe

104 3473 225 3548 AEneas,
239 3474 312 3533 tristi
325 3473 453 3531 turbatus
467 3482 585 3549 pectora
597 3472 683 3549 bello,

105 3550 274 3625 Procubuit,
288 3570 437 3627 seramque
452 3553 531 3608 dedit
544 3570 594 3627 per
608 3552 737 3609 membra
751 3552 887 3629 quietem.
944 3608 946 3612 ,
1057 3563 1101 3620 30

106 3628 184 3685 Huic
199 3630 270 3686 deus
283 3632 346 3706 ipse
359 3630 425 3704 loci,
440 3630 528 3687 fluvio
543 3629 698 3688 Tiberinus
712 3651 834 3706 ammno,

106 3705 251 3784 Populeas
265 3709 341 3766 inter
354 3709 448 3783 senior
462 3727 493 3766 se
507 3709 635 3768 attollere
650 3710 764 3769 frondes
