2400 4178
10 560 12 562 ’
122 537 164 595 Et
178 556 235 613 me,
250 557 302 595 seu
315 555 349 594 co

512 228 637 289 'UBER
655 230 720 294 ΧΙῙ
809 318 812 325 Ι

10 361 12 364 ’
122 375 255 455 Tangere
269 397 336 445 cura
337 330 453 471 potest,-
460 384 514 440 οιο
533 379 601 458 (fuit
614 388 643 439 et
656 379 711 441 tibi
722 380 825 447 telio
899 421 902 448 ,

122 458 265 516 Anchises
279 457 418 537 genitor),
391 457 529 537 )Dcuni
542 460 677 518 miserere
692 466 835 531 senectae,
949 472 952 480 ’

122 614 226 674 Redde
241 616 321 674 meis.
350 500 945 694 ri'igisffltieitilffitirlmmtigridlgrzvpsiimngi,
969 599 970 607 ¹

123 695 245 752 Ausonii
258 691 373 752 vidire:
394 702 500 753 tuaest
514 695 636 756 Lavinia
648 697 763 787 conjunc

115 770 253 832 1Ιιιιιιὶιιι
266 780 329 831 net
317 773 402 831 tende
417 773 499 833 odiis.
542 773 627 832 Stetit
639 792 705 832 acer
717 773 748 831 in
761 773 862 832 ermis
923 803 938 818 ιι

124 851 244 927 Encas,
258 852 376 910 volvens
390 852 498 928 oculos,
513 853 700 928 dextramque
715 853 869 929 repressit.

45 1004 50 1009 ¹
66 983 71 995 ,
125 931 187 988 Ει
175 950 236 1009 Jom
245 933 364 1009 jamque
378 929 469 1007 magis
483 937 664 990 cunctantem
676 929 792 988 flectere
806 949 898 988 sermo

51 1014 60 1057 -'
125 1009 268 1087 Coeperat,
282 1010 384 1068 infelix
397 1010 515 1068 humero
530 1028 619 1086 quum
634 1009 763 1086 apparuit
777 1008 872 1067 olto

37 1108 47 1124 ·
124 1087 192 1146 Belt
181 1098 252 1164 teus,
268 1097 298 1148 οι
310 1089 385 1146 notis
398 1088 539 1147 fulserunt
553 1087 668 1164 cingula
680 1087 767 1146 bullis

125 1167 264 1227 Pallantis
277 1168 377 1246 pueri3
399 1169 507 1225 victum
521 1187 607 1243 quem
621 1167 738 1225 vulnere
752 1168 866 1223 Turnus

126 1247 279 1321 Strnvernt,
295 1255 379 1325 atque
393 1245 542 1305 humeris
534 1247 686 1304 mimicum
699 1246 811 1321 insigne
825 1241 948 1325 gerebat

126 1325 191 1402 Ille,
206 1327 296 1384 oculis
309 1333 460 1403 postquem
475 1326 545 1383 saevi
558 1333 743 1383 monumenta
714 1319 869 1388 ιιιιοιοιίι

127 1404 313 1482 Exuviosque
326 1405 429 1479 hausit,
443 1404 523 1462 soriis
537 1423 684 1479 accensus,
700 1411 728 1462 et
740 1403 782 1461 ire

126 1484 295 1542 Terribilis:
317 1483 402 1541 Tune
416 1483 484 1541 hinc
499 1483 597 1561 spoliis
611 1483 711 1541 indute
726 1467 853 1546 meorum

127 1563 258 1639 Eripiare
272 1561 366 1620 mihi?
386 1562 482 1620 Palles
495 1570 524 1621 te
536 1563 593 1620 hoc
606 1563 734 1637 vulnere,
748 1560 844 1618 Pallas

128 1641 270 1718 Immolet,
285 1650 314 1699 et
326 1661 441 1718 poennm
455 1641 591 1699 scelerato
606 1660 644 1698 ex
657 1641 795 1717 sanguine
810 1636 904 1697 sumit

128 1720 194 1778 Hoc
208 1721 316 1796 dicens,
330 1719 435 1778 serrum
451 1721 568 1778 adverso
583 1721 636 1777 sub
648 1728 764 1798 pectore
777 1716 875 1776 condit

127 1797 278 1858 Fervidus.
320 1800 374 1857 Ast
387 1799 429 1857 illi
443 1787 590 1857 solvuntirr
603 1797 706 1874 frigore
720 1796 856 1871 membro,

127 1878 252 1956 Vitaque
267 1896 331 1937 cum
345 1878 455 1955 gemitu
468 1877 540 1954 fugit
552 1877 699 1953 indignata
713 1876 766 1935 sub
780 1874 905 1934 umbras.
