2400 4178
442 272 447 280 ‚
489 193 701 261 nrnnn‘rns

108 351 204 426 Atque
213 350 281 427 hos,
295 369 333 408 ne
347 371 406 428 qua
417 352 512 411 forent
523 353 891 432 pedibusvestigis'rectib,

109 428 211 484 Caudd
224 429 254 485 in
268 429 434 505 speluncam
448 440 562 506 tractos,
576 432 724 509 versisque
736 434 849 492 viarum

52 523 54 527 ’
110 505 228 563 Iudiciis
241 515 345 584 raptos,
360 527 430 566 saxo
444 509 606 568 occultabat
619 529 719 587 opaco.
882 511 887 518 ’

111 582 258 652 Quaerenti
273 585 351 653 nulla
364 586 400 643 ad
415 587 583 662 speluncam
597 589 679 663 signa
691 588 830 647 ferebant

110 660 232 736 Interea,
246 682 334 739 quum
343 665 404 741 jam
419 664 537 722 stabulis
551 675 673 724 saturata
687 675 816 726 moveret
872 703 876 709 ·

109 739 380 817 Amphitryoniades
395 751 532 817 armenta,
548 744 715 820 abitumque
729 751 850 822 pararet,

108 817 245 877 Discessu
260 820 372 894 mugire
385 818 484 895 bov'es,
499 829 583 897 atque
598 841 683 880 omne
697 823 820 900 querelis

109 895 226 972 Impleri
239 917 351 972 nemus,
366 905 395 955 et
409 898 497 955 colles
511 899 636 956 clamore
650 901 781 976 relinqui.

107 974 247 1033 Reddidit
260 995 318 1033 una
330 975 419 1032 boum
433 994 544 1049 vocem,
558 985 696 1052 vastoque
710 979 763 1035 snb
778 986 860 1036 antro

108 1051 227 1127 Mugiit,
242 1061 271 1111 et
285 1054 358 1110 Caci
371 1072 453 1128 spem
468 1055 610 1112 custodita
622 1055 732 1112 fefellit.

108 1128 167 1186 Hic
180 1127 248 1186 verb
263 1130 373 1187 Alcidae
387 1131 468 1188 furiis
482 1140 629 1190 exarserat
639 1141 698 1190 atro

108 1208 190 1264 Felle
205 1208 303 1265 dolor:
325 1208 398 1283 rapit
411 1228 490 1266 arma
503 1229 599 1285 manu,
613 1212 755 1287 nodisque
769 1218 915 1287 gravatum

107 1285 218 1359 Robur,
234 1286 263 1343 et
277 1286 386 1343 aetherii
400 1305 483 1344 cursu
496 1288 569 1364 petit
583 1289 669 1345 ardna
682 1290 796 1346 montis.

108 1363 184 1421 Tum
197 1361 322 1440 primum
336 1365 425 1422 nostri
439 1366 550 1424 Cacum
564 1364 663 1423 vidire
677 1367 836 1441 timentem,

80 1441 326 1519 ·Turbutumque
340 1443 439 1501 oculis.
482 1445 569 1519 Fugit
582 1445 661 1502 ilicet
674 1445 753 1501 ocior
767 1465 844 1520 euro,
1000 1516 1005 1524 ἱ

109 1521 340 1596 Speluncamque
353 1522 442 1598 petit:
462 1522 586 1598 pedibus
600 1522 684 1580 timor
698 1524 807 1582 addidit
821 1524 905 1605 alus.¹

107 1599 149 1657 Ut
163 1618 225 1656 sese
239 1600 365 1673 inclusit,
380 1601 525 1676 ruptisque
539 1601 666 1658 immane
681 1603 789 1659 catenis

107 1677 223 1753 Dejecit
236 1696 348 1751 saxum,
363 1678 435 1734 ferro
450 1680 525 1753 quod
539 1687 568 1737 et
582 1687 641 1736 arte
653 1680 772 1755 paterni

107 1754 265 1829 Pendebot,
280 1755 424 1831 fultosque
438 1757 560 1813 emuniit
573 1757 656 1813 obice
669 1765 765 1832 postes
776 1777 786 1828 ς

107 1833 188 1889 Ecce
202 1834 300 1890 furens
315 1834 416 1890 animis
431 1834 528 1890 aderat
541 1833 720 1908 Tirynthius,
735 1852 907 1911 omnemque
928 1896 931 1899 ,
999 1856 1002 1864 ·

106 1913 266 1968 Accessum
279 1911 412 1986 lustrans,
426 1910 484 1968 huc
498 1930 547 1968 ora
560 1910 668 1968 ferebat
682 1920 712 1969 et
724 1911 802 1985 illuc,

107 1989 250 2046 Dentibus
264 1988 439 2047 infrendens.
482 1989 541 2046 Ter
554 1997 645 2047 totum
660 1989 784 2053 fervidus
798 1989 840 2046 int
933 2040 934 2043 ,

106 2069 222 2125 Lustrat
234 2068 371 2124 Aventini
387 2076 532 2140 moutem;
555 2075 598 2125 ter
611 2087 698 2125 saxea
712 2076 803 2126 tentat

106 2147 221 2203 Limina
233 2146 447 2222 nequidqucm3
470 2155 513 2204 ter
526 2146 617 2204 fessus
631 2146 706 2203 velle
721 2145 835 2216 resedit.

107 2225 207 2284 Stabat
220 2233 302 2282 acuta
316 2225 398 2299 silex,
413 2225 540 2300 praecisis
554 2225 683 2301 undique
697 2226 784 2300 saxis,

108 2303 259 2377 Speluncae
275 2304 358 2360 dorso
372 2304 531 2378 insurgens,
547 2303 684 2361 altissima
696 2304 770 2377 visu,

106 2381 240 2437 Dirarum
254 2380 329 2437 nidis
344 2382 445 2437 domus
459 2393 618 2456 opportuna
631 2382 788 2438 volucrum.

107 2458 201 2530 Hanc,
216 2466 248 2514 ut
261 2476 349 2532 prona
359 2461 430 2534 jugo
443 2458 549 2514 laevum
560 2458 746 2516 incumbebat
760 2459 796 2516 ad
810 2476 936 2532 amnem,

107 2535 219 2591 Dexter
231 2535 261 2590 in
276 2535 427 2590 adversum
441 2535 535 2591 nitens
550 2535 703 2610 concussit,
719 2543 748 2592 et
760 2537 827 2592 imis

106 2612 245 2668 Avulsum
260 2611 344 2668 solvit
356 2610 518 2682 radicibus3
539 2611 607 2667 inde
621 2609 739 2687 repente

108 2689 236 2765 Impulit,
251 2688 376 2765 impulsu
391 2706 448 2763 quo
462 2688 607 2745 maximus
621 2689 735 2745 insonat
748 2687 857 2745 iether:

107 2768 269 2826 Dissultant
282 2768 361 2843 ripae,
376 2765 526 2841 refluitque
542 2766 692 2824 exterritus
707 2765 808 2822 amnis.

107 2849 147 2905 At
160 2864 262 2922 specus
277 2853 307 2903 et
320 2845 391 2902 Caci
405 2845 519 2902 detecta
532 2843 662 2925 apparuit
674 2845 776 2918 ingens

107 2927 210 3001 Regia,
225 2933 255 2982 et
267 2924 408 2981 umbrosae
421 2919 537 3000 penitus
549 2920 670 2998 patuere
683 2939 813 2979 cavernae
826 2941 833 2978 :
1008 2994 1012 3000 .

107 3005 175 3062 Non
190 3000 273 3061 secus
288 3021 320 3060 ac
335 3002 359 3058 si
373 3002 429 3078 qut
443 2998 558 3078 penitds
571 3001 600 3057 vi
614 3009 689 3058 terro
702 2999 855 3057 dehiscens
928 3006 934 3011 ’

59 3127 62 3132 ,
108 3083 238 3139 Infernas
252 3089 358 3139 reseret
372 3080 466 3154 sedes,
482 3088 511 3137 et
523 3097 612 3154 regna
624 3078 752 3136 recludat
799 3120 802 3125 -

108 3160 228 3233 Pallida,
243 3158 287 3216 dis
301 3159 403 3233 invisa,
417 3154 562 3234 superque
576 3157 702 3214 immane
716 3154 882 3213 barathrum

109 3238 259 3310 cernatur,
274 3237 418 3312 trepident
431 3236 559 3293 immisso
573 3234 683 3292 lumine
698 3234 811 3292 Manes.

109 3316 187 3389 Ergo
201 3313 344 3389 insperetd
358 3314 532 3391 deprensum
545 3313 576 3369 in
589 3313 655 3370 luce
669 3308 799 3388 repente,

110 3393 313 3466 Inclusumque
327 3409 398 3448 cavo
412 3411 491 3466 saxo,
506 3399 591 3466 atque
604 3392 717 3448 insueta
730 3390 898 3462 rudentem,

110 3471 246 3545 Desuper
259 3468 377 3550 Alcides
390 3468 454 3525 telis
467 3469 580 3546 premit,
595 3469 748 3543 omnisque
762 3484 840 3523 arma

109 3549 250 3622 Advocat,
265 3554 294 3604 et
307 3546 550 3620 ramis‘vastisque
564 3546 717 3604 molaribus
731 3544 825 3606 instat.

111 3626 165 3686 Ille
180 3633 284 3700 autem,
299 3643 393 3700 neque
408 3623 485 3680 enim
498 3623 566 3700 fuga
574 3626 636 3702 jam
651 3619 737 3699 super
750 3621 809 3678 ulla
820 3618 932 3704 pericli,

109 3703 255 3766 Faucibus
268 3701 415 3778 ingentem
428 3701 549 3778 fumum,
563 3700 694 3762 mirabile
707 3699 797 3776 dictu,
810 3729 812 3732 >
