2370 4176
544 184 660 240 urana
679 144 741 240 ivs
808 164 810 167 ’

127 336 265 412 Namque
280 351 361 392 suam
370 331 465 410 patrii
480 333 601 409 antiqui
613 333 687 392 ciuis
697 341 763 393 ater
775 333 918 397 habebat:
949 349 958 358 “

127 416 254 488 Annam,
270 432 335 470 cara
349 411 421 468 mihi
433 412 542 487 nutrix,
557 411 615 470 huc
629 413 697 470 siste
711 431 856 472 sororem:
1056 477 1060 485 ,

127 492 186 551 Dio
200 499 452 568 corpus‘properet
464 490 573 567 fluviali
587 510 722 568 spargere
735 492 866 571 lymth
994 564 998 569 ¹
1056 500 1123 559 686

128 571 170 631 Et
182 571 313 648 pecudes
327 587 430 628 secum
444 577 474 628 et
487 577 643 638 monstrata
654 570 769 646 piacula
781 573 885 648 ducat3

130 651 180 709 Sic
194 649 310 707 veniat:
333 655 421 724 tuque
435 648 498 725 ipsa
511 648 561 726 pii
574 658 641 724 tege
655 656 785 727 tempora
797 651 878 718 vitii.

130 729 218 788 saera
230 728 248 786 J
249 727 297 786 ovi
312 728 421 804 Stygio,
436 747 502 804 quae
515 724 569 785 rite
583 728 700 804 incepta
712 729 821 807 paravi,

128 807 274 869 Perficere
288 815 333 866 ast
345 808 467 882 animus,
482 807 628 883 finemque
641 807 790 884 imponere
805 809 891 886 curis,
907 849 910 853 -

130 887 327 962 Dardaniique
341 906 441 962 rogum
456 885 558 963 capitis
571 887 738 963 permittere
751 887 885 948 flammae.

130 966 180 1025 Sic
196 966 243 1024 ait
286 965 342 1023 Illa
356 966 476 1040 gradum
489 965 584 1023 studio
597 963 743 1024 celerabat
756 967 833 1026 anili.
879 973 884 984 '

169 1048 210 1103 At
224 1045 343 1122 trepida,
356 1052 389 1102 et
402 1044 505 1120 coeptis
518 1043 694 1102 immanibus
708 1044 797 1104 effera
810 1046 899 1122 Dido,

133 1123 328 1199 Sanguineam
342 1124 463 1181 volvens
477 1123 581 1198 aciem,
596 1122 775 1201 maculisque
789 1132 946 1187 trementes

132 1202 275 1260 interfusa
288 1221 387 1278 genas,
402 1211 432 1260 et
444 1202 655 1279 pallida-morte
669 1203 775 1279 futtrrd,
1152 1250 1157 1257 .

132 1280 272 1339 Interiora
285 1281 388 1338 domim
402 1281 533 1358 irrumpit
544 1280 655 1357 limina,
670 1290 700 1340 et
713 1282 785 1341 altos
1055 1291 1119 1349 645

132 1360 310 1418 Conscendit
323 1359 478 1418 furibunda
491 1379 585 1436 rogos,
600 1378 760 1438 ensemque
773 1362 895 1423 recludit

131 1439 320 1514 Dardanium,
335 1459 394 1497 non
408 1440 462 1497 hos
476 1439 631 1517 quaesitum
643 1459 750 1499 munus
763 1440 793 1499 in
807 1461 886 1500 usus.

131 1516 202 1592 Hic,
216 1512 367 1595 postquam
383 1519 486 1577 Iliacas
499 1527 595 1577 vestes
609 1528 769 1596 notumque
782 1520 880 1580 cubile

131 1596 302 1673 Conspexit,
317 1595 436 1674 paulum
450 1599 590 1674 lacrymis
600 1606 630 1656 et
642 1606 741 1658 mente
755 1608 873 1677 morata,

67 1726 70 1730 .
131 1676 325 1753 Incubuitque
340 1685 410 1750 toro,
425 1676 557 1752 dixitque
570 1677 840 1738 novissimaverba:

170 1756 281 1813 Dulces
296 1756 421 1829 exuviae,
436 1756 505 1812 dum
518 1754 576 1813 lata
589 1755 720 1832 deusque
734 1757 876 1832 sinebant,

77 1853 100 1871 ⁹
131 1835 265 1911 Accipite
279 1835 354 1892 hanc
370 1834 506 1913 animam,
521 1851 626 1909 meque
638 1834 684 1892 his
699 1835 840 1894 exsolvite
855 1838 939 1896 curis.

131 1913 213 1988 Vixi,
229 1922 258 1972 et
271 1933 358 1990 quem
372 1913 491 1970 dederat
499 1930 620 1970 cursum
634 1912 749 1971 fortuna
761 1915 879 1991 peregi:

131 1992 174 2050 Et
186 2012 264 2050 nunc
280 2012 385 2067 magna
398 1991 457 2049 mei
471 1990 523 2050 sub
538 1999 626 2049 terras
639 1990 692 2050 ibit
705 1992 809 2068 imago.

131 2071 243 2130 Urbem
257 2071 424 2148 praeclaram
438 2071 541 2144 statui3
561 2089 627 2128 mea
640 2070 747 2130 moenia
760 2071 839 2146 vidi3

85 2185 87 2189 .
131 2148 203 2209 'Uita
216 2151 318 2224 virum,
333 2168 434 2226 poenas
447 2149 566 2209 inimico
580 2169 597 2206 a
610 2148 694 2208 fratre
708 2150 823 2246 recepi3

132 2229 228 2305 Felix,
243 2230 317 2286 heu!
339 2225 463 2286 nimium
476 2227 556 2303 felix,
572 2228 596 2286 si
609 2229 705 2288 littora
717 2237 830 2290 tantum

132 2308 291 2384 Nunquam
305 2307 460 2365 Dardaniae
474 2307 638 2384 tetigissent
650 2316 747 2367 nostra
760 2309 865 2369 carine
878 2313 887 2368 Ξ

133 2387 227 2462 Dixit,
243 2396 272 2445 et
286 2406 319 2444 os
333 2387 473 2464 impressa
485 2394 557 2462 toro,
572 2387 734 2445 Moriemur
747 2388 866 2447 inultae!

135 2467 191 2522 Sed
208 2466 371 2541 moriamur,
387 2466 444 2524 ait:
468 2465 520 2541 sio,
535 2466 577 2523 sic
587 2468 670 2543 juvat
683 2466 725 2524 ire
740 2467 794 2524 sub
808 2467 933 2529 umbras.

134 2545 259 2602 Hauriat
271 2545 349 2602 hunc
363 2544 454 2602 oculis
467 2544 566 2619 ignem
581 2544 707 2623 crudelis
721 2544 757 2602 ab
771 2545 829 2605 alto

135 2624 297 2697 Dardanus,
313 2631 343 2681 et
356 2630 460 2680 nostrae
476 2641 575 2679 secum
589 2620 662 2680 ferat
675 2623 773 2680 omina
787 2624 894 2682 mortis.

171 2703 313 2775 Dixerat3
334 2709 420 2779 atque
434 2701 512 2757 illam
526 2699 623 2757 media
635 2699 710 2758 inter
722 2700 792 2758 talia
805 2701 879 2759 ferro

134 2781 298 2858 Collapsam
314 2780 478 2856 adspiciunt
488 2779 617 2854 comites,
633 2797 792 2854 ensemque
805 2798 905 2838 cruore

124 2857 332 2935 Spumantem,
348 2878 517 2935 sparsasque
531 2877 643 2916 manus.
687 2857 715 2916 lt
727 2857 836 2916 clamor
849 2859 885 2918 ad
900 2858 957 2919 alta

133 2939 232 3010 Atria3
255 2957 427 3001 concussam
441 2937 597 2995 bacchatur
610 2937 686 2994 lama
698 2956 750 3013 per
763 2937 882 3012 urbem;

134 3017 283 3075 Lamentis
297 3017 474 3092 gemituque,
489 3025 519 3074 et
531 3016 667 3073 foemineo
681 3014 804 3092 ululatu,

134 3095 227 3153 Tecta
239 3095 383 3167 fremunt5
404 3102 520 3153 resonat
532 3094 645 3170 magnis
658 3091 848 3171 plangoribus
859 3095 958 3156 aetber.

133 3175 164 3232 N
166 3195 203 3231 on
218 3173 299 3232 aliter
313 3170 401 3249 qudm
416 3174 440 3235 si
453 3173 592 3232 immissis
604 3182 669 3231 ruat
681 3173 813 3233 hostibus
827 3176 922 3235 omnis

135 3252 288 3328 Carthago,
304 3259 352 3310 aut
366 3252 482 3328 antiqua
496 3253 600 3328 Tyros,
614 3252 799 3330 flammaque
812 3254 941 3313 furentes

134 3331 272 3390 Culmina
284 3349 393 3409 perque
407 3330 557 3389 hominum
570 3331 722 3390 volvantur
734 3351 844 3409 perque
857 3333 988 3392 deorum.

172 3410 275 3469 Audiit
285 3409 440 3485 exanimis,
455 3411 624 3487 trepidoque
638 3412 774 3471 exterrita
787 3428 883 3485 cursu,

134 3488 290 3565 Unguibus
304 3508 355 3547 ora
369 3507 449 3546 soror
461 3489 583 3567 soedans,
598 3497 627 3556 et
640 3496 756 3565 pectore
768 3487 884 3564 pugnis,
998 3543 1003 3553 ,

133 3568 191 3625 Per
205 3568 317 3627 medios
332 3567 397 3641 ruit,
413 3586 446 3624 ac
460 3569 631 3625 morientem
645 3567 763 3624 nomine
778 3565 901 3623 clamat:

134 3647 201 3705 Hoc
214 3647 297 3721 illud,
312 3663 459 3722 germana,
473 3645 547 3704 fuit?
568 3664 616 3703 me
630 3645 730 3703 fraude
743 3640 884 3720 petebas?

103 3773 108 3779 .
134 3725 201 3786 Hoc
215 3745 301 3805 rogus
315 3725 369 3784 iste
383 3723 466 3802 mihi,
480 3723 537 3783 hoc
550 3723 633 3801 ignes
646 3742 759 3801 araeque
772 3721 931 3802 parabant?
