<?xml version="1.0" encoding="UTF-8"?>
<!DOCTYPE html PUBLIC "-//W3C//DTD XHTML 1.0 Transitional//EN"
    "http://www.w3.org/TR/xhtml1/DTD/xhtml1-transitional.dtd">
<html xmlns="http://www.w3.org/1999/xhtml" xml:lang="en" lang="en">
 <head>
  <title>
</title>
<meta http-equiv="Content-Type" content="text/html;charset=utf-8" />
  <meta name='ocr-system' content='tesseract 3.04.00' />
  <meta name='ocr-capabilities' content='ocr_page ocr_carea ocr_par ocr_line ocrx_word'/>
</head>
<body>
  <div class='ocr_page' id='page_1' title='image "./bucolicageorgic02virggoog/bucolicageorgic02virggoog_0172.png"; bbox 0 0 2400 4178; ppageno 0'>
   <div class='ocr_carea' id='block_1_1' title="bbox 496 164 1093 258">
    <p class='ocr_par' dir='ltr' id='par_1_1' title="bbox 496 164 1093 258">
     <span class='ocr_line' id='line_1_1' title="bbox 496 164 1093 258; baseline 0.007 -5"><span class='ocrx_word' id='word_1_1' title='bbox 496 174 619 253; x_wconf 75' lang='lat' dir='ltr'><strong>&#39;amna</strong></span> <span class='ocrx_word' id='word_1_2' title='bbox 637 199 688 255; x_wconf 88' lang='lat' dir='ltr'><strong>vr.</strong></span> <span class='ocrx_word' id='word_1_3' title='bbox 785 184 787 188; x_wconf 82' lang='grc'><strong>’</strong></span> <span class='ocrx_word' id='word_1_4' title='bbox 1039 164 1093 258; x_wconf 79' lang='lat' dir='ltr'><strong>im</strong></span> 
     </span>
    </p>
   </div>
   <div class='ocr_carea' id='block_1_2' title="bbox 62 344 1093 3631">
    <p class='ocr_par' dir='ltr' id='par_1_2' title="bbox 62 344 1093 3631">
     <span class='ocr_line' id='line_1_2' title="bbox 106 344 770 424; baseline 0 -20"><span class='ocrx_word' id='word_1_5' title='bbox 106 347 148 404; x_wconf 78' lang='lat' dir='ltr'><strong>at</strong></span> <span class='ocrx_word' id='word_1_6' title='bbox 159 345 225 424; x_wconf 88' lang='lat' dir='ltr'><strong>pius</strong></span> <span class='ocrx_word' id='word_1_7' title='bbox 239 344 350 405; x_wconf 86' lang='lat' dir='ltr'><strong>AEneas</strong></span> <span class='ocrx_word' id='word_1_8' title='bbox 365 364 444 405; x_wconf 87' lang='lat' dir='ltr'><strong>arces</strong></span> <span class='ocrx_word' id='word_1_9' title='bbox 458 347 562 424; x_wconf 89' lang='lat' dir='ltr'><strong>quibus</strong></span> <span class='ocrx_word' id='word_1_10' title='bbox 577 347 650 406; x_wconf 88' lang='lat' dir='ltr'><strong>altus</strong></span> <span class='ocrx_word' id='word_1_11' title='bbox 663 347 770 424; x_wconf 85' lang='lat' dir='ltr'><strong>Apollo</strong></span> 
     </span>
     <span class='ocr_line' id='line_1_3' title="bbox 107 425 1093 503; baseline 0.005 -21"><span class='ocrx_word' id='word_1_12' title='bbox 107 425 258 499; x_wconf 83' lang='lat' dir='ltr'><strong>Praesidet,</strong></span> <span class='ocrx_word' id='word_1_13' title='bbox 273 425 481 501; x_wconf 73' lang='lat' dir='ltr'><strong>horrendaeque</strong></span> <span class='ocrx_word' id='word_1_14' title='bbox 493 426 719 501; x_wconf 81' lang='lat' dir='ltr'><strong>proculsecreta</strong></span> <span class='ocrx_word' id='word_1_15' title='bbox 732 425 861 503; x_wconf 77' lang='lat' dir='ltr'><strong>Sibyllae,</strong></span> <span class='ocrx_word' id='word_1_16' title='bbox 997 492 999 496; x_wconf 59' lang='grc'>,</span> <span class='ocrx_word' id='word_1_17' title='bbox 1056 433 1093 487; x_wconf 90' lang='grc'><strong>10</strong></span> 
     </span>
     <span class='ocr_line' id='line_1_4' title="bbox 107 504 1045 583; baseline 0.004 -23"><span class='ocrx_word' id='word_1_18' title='bbox 107 506 231 561; x_wconf 83' lang='lat' dir='ltr'><strong>Antrum</strong></span> <span class='ocrx_word' id='word_1_19' title='bbox 246 504 381 579; x_wconf 88' lang='lat' dir='ltr'><strong>immane,</strong></span> <span class='ocrx_word' id='word_1_20' title='bbox 395 505 486 580; x_wconf 75' lang='lat' dir='ltr'><strong>petit,</strong></span> <span class='ocrx_word' id='word_1_21' title='bbox 508 523 642 580; x_wconf 86' lang='lat' dir='ltr'><strong>magnam</strong></span> <span class='ocrx_word' id='word_1_22' title='bbox 655 505 704 562; x_wconf 89' lang='lat' dir='ltr'><strong>oui</strong></span> <span class='ocrx_word' id='word_1_23' title='bbox 719 512 844 564; x_wconf 89' lang='lat' dir='ltr'><strong>mentem</strong></span> <span class='ocrx_word' id='word_1_24' title='bbox 859 504 1045 583; x_wconf 83' lang='lat' dir='ltr'><strong>animumque</strong></span> 
     </span>
     <span class='ocr_line' id='line_1_5' title="bbox 107 581 725 660; baseline 0.002 -22"><span class='ocrx_word' id='word_1_25' title='bbox 107 581 211 639; x_wconf 91' lang='lat' dir='ltr'><strong>Delius</strong></span> <span class='ocrx_word' id='word_1_26' title='bbox 224 581 344 658; x_wconf 74' lang='lat' dir='ltr'><strong>inspirat</strong></span> <span class='ocrx_word' id='word_1_27' title='bbox 355 591 446 658; x_wconf 84' lang='lat' dir='ltr'><strong>vates,</strong></span> <span class='ocrx_word' id='word_1_28' title='bbox 462 582 609 660; x_wconf 89' lang='lat' dir='ltr'><strong>aperitque</strong></span> <span class='ocrx_word' id='word_1_29' title='bbox 622 582 725 649; x_wconf 82' lang='lat' dir='ltr'><strong>futura.</strong></span> 
     </span>
     <span class='ocr_line' id='line_1_6' title="bbox 106 658 825 738; baseline 0.003 -21"><span class='ocrx_word' id='word_1_30' title='bbox 106 658 124 716; x_wconf 92' lang='lat' dir='ltr'>J</span> <span class='ocrx_word' id='word_1_31' title='bbox 126 679 171 717; x_wconf 89' lang='lat' dir='ltr'><strong>am</strong></span> <span class='ocrx_word' id='word_1_32' title='bbox 185 659 311 728; x_wconf 85' lang='lat' dir='ltr'><strong>subeunt</strong></span> <span class='ocrx_word' id='word_1_33' title='bbox 325 660 432 718; x_wconf 81' lang='lat' dir='ltr'><strong>Trivioe</strong></span> <span class='ocrx_word' id='word_1_34' title='bbox 447 661 527 719; x_wconf 89' lang='lat' dir='ltr'><strong>lucos</strong></span> <span class='ocrx_word' id='word_1_35' title='bbox 542 669 627 738; x_wconf 87' lang='lat' dir='ltr'><strong>atque</strong></span> <span class='ocrx_word' id='word_1_36' title='bbox 641 680 728 719; x_wconf 88' lang='lat' dir='ltr'><strong>aurea</strong></span> <span class='ocrx_word' id='word_1_37' title='bbox 740 669 825 720; x_wconf 87' lang='lat' dir='ltr'><strong>tecta.</strong></span> 
     </span>
     <span class='ocr_line' id='line_1_7' title="bbox 146 738 865 816; baseline 0.006 -22"><span class='ocrx_word' id='word_1_38' title='bbox 146 738 296 814; x_wconf 73' lang='lat' dir='ltr'><strong>Daedalus,</strong></span> <span class='ocrx_word' id='word_1_39' title='bbox 311 745 343 796; x_wconf 92' lang='lat' dir='ltr'><strong>ut</strong></span> <span class='ocrx_word' id='word_1_40' title='bbox 354 739 431 797; x_wconf 88' lang='lat' dir='ltr'><strong>fama</strong></span> <span class='ocrx_word' id='word_1_41' title='bbox 444 747 497 815; x_wconf 90' lang='lat' dir='ltr'><strong>est,</strong></span> <span class='ocrx_word' id='word_1_42' title='bbox 511 739 625 816; x_wconf 81' lang='lat' dir='ltr'>fugiens</span> <span class='ocrx_word' id='word_1_43' title='bbox 639 740 754 799; x_wconf 87' lang='lat' dir='ltr'><strong>Minoia</strong></span> <span class='ocrx_word' id='word_1_44' title='bbox 767 759 865 816; x_wconf 86' lang='lat' dir='ltr'><strong>regna,</strong></span> 
     </span>
     <span class='ocr_line' id='line_1_8' title="bbox 62 815 1092 895; baseline 0.005 -23"><span class='ocrx_word' id='word_1_45' title='bbox 62 887 65 890; x_wconf 12' lang='lat' dir='ltr'><strong>g</strong></span> <span class='ocrx_word' id='word_1_46' title='bbox 107 815 286 893; x_wconf 85' lang='lat' dir='ltr'><strong>Praepetibus</strong></span> <span class='ocrx_word' id='word_1_47' title='bbox 300 818 404 893; x_wconf 89' lang='lat' dir='ltr'><strong>pennis</strong></span> <span class='ocrx_word' id='word_1_48' title='bbox 419 837 504 876; x_wconf 89' lang='lat' dir='ltr'><strong>ausus</strong></span> <span class='ocrx_word' id='word_1_49' title='bbox 518 837 550 876; x_wconf 91' lang='lat' dir='ltr'><strong>se</strong></span> <span class='ocrx_word' id='word_1_50' title='bbox 564 818 681 876; x_wconf 86' lang='lat' dir='ltr'><strong>credere</strong></span> <span class='ocrx_word' id='word_1_51' title='bbox 696 818 781 895; x_wconf 88' lang='lat' dir='ltr'><strong>coelo,</strong></span> <span class='ocrx_word' id='word_1_52' title='bbox 1056 822 1092 877; x_wconf 85' lang='lat'><strong>15</strong></span> 
     </span>
     <span class='ocr_line' id='line_1_9' title="bbox 109 894 803 972; baseline 0.006 -21"><span class='ocrx_word' id='word_1_53' title='bbox 109 894 261 953; x_wconf 90' lang='lat' dir='ltr'><strong>lnsuetum</strong></span> <span class='ocrx_word' id='word_1_54' title='bbox 274 913 326 972; x_wconf 89' lang='lat' dir='ltr'><strong>per</strong></span> <span class='ocrx_word' id='word_1_55' title='bbox 335 895 393 954; x_wconf 58' lang='lat' dir='ltr'><strong>‘iter</strong></span> <span class='ocrx_word' id='word_1_56' title='bbox 406 896 516 972; x_wconf 82' lang='lat' dir='ltr'><strong>gelidas</strong></span> <span class='ocrx_word' id='word_1_57' title='bbox 530 897 627 953; x_wconf 84' lang='lat' dir='ltr'><strong>enavit</strong></span> <span class='ocrx_word' id='word_1_58' title='bbox 640 896 676 952; x_wconf 90' lang='lat' dir='ltr'><strong>ad</strong></span> <span class='ocrx_word' id='word_1_59' title='bbox 690 899 803 972; x_wconf 81' lang='lat' dir='ltr'><strong>Arctos,</strong></span> 
     </span>
     <span class='ocr_line' id='line_1_10' title="bbox 106 972 861 1050; baseline 0 -20"><span class='ocrx_word' id='word_1_60' title='bbox 106 972 334 1050; x_wconf 57' lang='lat' dir='ltr'><strong>Chalcidicaque</strong></span> <span class='ocrx_word' id='word_1_61' title='bbox 347 974 420 1031; x_wconf 87' lang='lat' dir='ltr'><strong>levis</strong></span> <span class='ocrx_word' id='word_1_62' title='bbox 434 973 552 1031; x_wconf 86' lang='lat' dir='ltr'><strong>tandem</strong></span> <span class='ocrx_word' id='word_1_63' title='bbox 566 990 652 1050; x_wconf 87' lang='lat' dir='ltr'><strong>super</strong></span> <span class='ocrx_word' id='word_1_64' title='bbox 665 974 773 1032; x_wconf 79' lang='lat' dir='ltr'><strong>adstitit</strong></span> <span class='ocrx_word' id='word_1_65' title='bbox 786 993 861 1032; x_wconf 89' lang='lat' dir='ltr'><strong>arce.</strong></span> 
     </span>
     <span class='ocr_line' id='line_1_11' title="bbox 106 1049 1001 1131; baseline 0.006 -24"><span class='ocrx_word' id='word_1_66' title='bbox 106 1050 251 1108; x_wconf 85' lang='lat' dir='ltr'><strong>Redditus</strong></span> <span class='ocrx_word' id='word_1_67' title='bbox 265 1052 311 1108; x_wconf 91' lang='lat' dir='ltr'><strong>bis</strong></span> <span class='ocrx_word' id='word_1_68' title='bbox 324 1049 450 1126; x_wconf 78' lang='lat' dir='ltr'><strong>primirm</strong></span> <span class='ocrx_word' id='word_1_69' title='bbox 464 1052 556 1126; x_wconf 87' lang='lat' dir='ltr'><strong>terris,</strong></span> <span class='ocrx_word' id='word_1_70' title='bbox 570 1050 631 1126; x_wconf 89' lang='lat' dir='ltr'><strong>tibi,</strong></span> <span class='ocrx_word' id='word_1_71' title='bbox 646 1051 769 1126; x_wconf 90' lang='lat' dir='ltr'><strong>Phoebe,</strong></span> <span class='ocrx_word' id='word_1_72' title='bbox 784 1054 906 1126; x_wconf 85' lang='lat' dir='ltr'><strong>sacravit</strong></span> <span class='ocrx_word' id='word_1_73' title='bbox 993 1124 1001 1131; x_wconf 20' lang='lat' dir='ltr'><strong>g</strong></span> 
     </span>
     <span class='ocr_line' id='line_1_12' title="bbox 106 1127 874 1207; baseline 0.005 -23"><span class='ocrx_word' id='word_1_74' title='bbox 106 1128 275 1203; x_wconf 86' lang='lat' dir='ltr'><strong>Remigium</strong></span> <span class='ocrx_word' id='word_1_75' title='bbox 291 1127 400 1185; x_wconf 87' lang='lat' dir='ltr'><strong>alarum</strong></span> <span class='ocrx_word' id='word_1_76' title='bbox 412 1148 420 1201; x_wconf 92' lang='lat'>;</span> <span class='ocrx_word' id='word_1_77' title='bbox 441 1129 594 1206; x_wconf 87' lang='lat' dir='ltr'><strong>posuitque</strong></span> <span class='ocrx_word' id='word_1_78' title='bbox 607 1129 746 1187; x_wconf 86' lang='lat' dir='ltr'><strong>immania</strong></span> <span class='ocrx_word' id='word_1_79' title='bbox 759 1130 874 1207; x_wconf 89' lang='lat' dir='ltr'><strong>templa.</strong></span> 
     </span>
     <span class='ocr_line' id='line_1_13' title="bbox 107 1204 887 1286; baseline 0.008 -24"><span class='ocrx_word' id='word_1_80' title='bbox 107 1204 143 1262; x_wconf 88' lang='lat' dir='ltr'><strong>In</strong></span> <span class='ocrx_word' id='word_1_81' title='bbox 156 1205 266 1265; x_wconf 89' lang='lat' dir='ltr'><strong>foribus</strong></span> <span class='ocrx_word' id='word_1_82' title='bbox 279 1205 369 1262; x_wconf 91' lang='lat' dir='ltr'><strong>letum</strong></span> <span class='ocrx_word' id='word_1_83' title='bbox 384 1207 550 1281; x_wconf 85' lang='lat' dir='ltr'><strong>Androgei:</strong></span> <span class='ocrx_word' id='word_1_84' title='bbox 572 1215 634 1264; x_wconf 89' lang='lat' dir='ltr'><strong>tum</strong></span> <span class='ocrx_word' id='word_1_85' title='bbox 647 1208 774 1285; x_wconf 88' lang='lat' dir='ltr'><strong>pendere</strong></span> <span class='ocrx_word' id='word_1_86' title='bbox 786 1228 887 1286; x_wconf 86' lang='lat' dir='ltr'><strong>poeuas</strong></span> 
     </span>
     <span class='ocr_line' id='line_1_14' title="bbox 108 1283 847 1362; baseline 0.003 -21"><span class='ocrx_word' id='word_1_87' title='bbox 108 1283 277 1361; x_wconf 84' lang='lat' dir='ltr'><strong>Cecropidae</strong></span> <span class='ocrx_word' id='word_1_88' title='bbox 286 1284 370 1361; x_wconf 91' lang='lat' dir='ltr'><strong>jussi,</strong></span> <span class='ocrx_word' id='word_1_89' title='bbox 386 1284 540 1342; x_wconf 87' lang='lat' dir='ltr'><strong>miserum!</strong></span> <span class='ocrx_word' id='word_1_90' title='bbox 559 1292 682 1361; x_wconf 88' lang='lat' dir='ltr'><strong>septena</strong></span> <span class='ocrx_word' id='word_1_91' title='bbox 695 1287 847 1362; x_wconf 82' lang='lat' dir='ltr'><strong>quotannis</strong></span> 
     </span>
     <span class='ocr_line' id='line_1_15' title="bbox 107 1361 817 1438; baseline 0 -18"><span class='ocrx_word' id='word_1_92' title='bbox 107 1361 237 1438; x_wconf 88' lang='lat' dir='ltr'><strong>Corpora</strong></span> <span class='ocrx_word' id='word_1_93' title='bbox 249 1369 399 1434; x_wconf 81' lang='lat' dir='ltr'><strong>natorum3</strong></span> <span class='ocrx_word' id='word_1_94' title='bbox 421 1370 477 1422; x_wconf 89' lang='lat' dir='ltr'><strong>stat</strong></span> <span class='ocrx_word' id='word_1_95' title='bbox 490 1363 586 1421; x_wconf 86' lang='lat' dir='ltr'><strong>ductis</strong></span> <span class='ocrx_word' id='word_1_96' title='bbox 600 1363 723 1421; x_wconf 86' lang='lat' dir='ltr'><strong>sortibus</strong></span> <span class='ocrx_word' id='word_1_97' title='bbox 737 1382 817 1422; x_wconf 89' lang='lat' dir='ltr'><strong>urna.</strong></span> 
     </span>
     <span class='ocr_line' id='line_1_16' title="bbox 107 1437 793 1520; baseline 0 -22"><span class='ocrx_word' id='word_1_98' title='bbox 107 1437 217 1498; x_wconf 76' lang='lat' dir='ltr'><strong>Contra</strong></span> <span class='ocrx_word' id='word_1_99' title='bbox 231 1440 306 1498; x_wconf 88' lang='lat' dir='ltr'><strong>elata</strong></span> <span class='ocrx_word' id='word_1_100' title='bbox 320 1440 392 1498; x_wconf 88' lang='lat' dir='ltr'><strong>mari</strong></span> <span class='ocrx_word' id='word_1_101' title='bbox 405 1441 561 1520; x_wconf 86' lang='lat' dir='ltr'><strong>respondet</strong></span> <span class='ocrx_word' id='word_1_102' title='bbox 575 1443 685 1500; x_wconf 86' lang='lat' dir='ltr'><strong>Gnosia</strong></span> <span class='ocrx_word' id='word_1_103' title='bbox 697 1441 793 1501; x_wconf 90' lang='lat' dir='ltr'><strong>tellus.</strong></span> 
     </span>
     <span class='ocr_line' id='line_1_17' title="bbox 106 1516 801 1598; baseline 0.003 -22"><span class='ocrx_word' id='word_1_104' title='bbox 106 1516 166 1576; x_wconf 91' lang='lat' dir='ltr'><strong>Hic</strong></span> <span class='ocrx_word' id='word_1_105' title='bbox 180 1518 304 1576; x_wconf 89' lang='lat' dir='ltr'><strong>crudelis</strong></span> <span class='ocrx_word' id='word_1_106' title='bbox 318 1537 398 1576; x_wconf 91' lang='lat' dir='ltr'><strong>amor</strong></span> <span class='ocrx_word' id='word_1_107' title='bbox 412 1520 494 1596; x_wconf 84' lang='lat' dir='ltr'><strong>tauri,</strong></span> <span class='ocrx_word' id='word_1_108' title='bbox 509 1518 702 1598; x_wconf 78' lang='lat' dir='ltr'><strong>suppdstaque</strong></span> <span class='ocrx_word' id='word_1_109' title='bbox 716 1520 801 1579; x_wconf 74' lang='lat' dir='ltr'><strong>turm</strong></span> 
     </span>
     <span class='ocr_line' id='line_1_18' title="bbox 106 1596 881 1676; baseline 0.005 -23"><span class='ocrx_word' id='word_1_110' title='bbox 106 1596 261 1672; x_wconf 69' lang='lat' dir='ltr'><strong>Pasiphae,</strong></span> <span class='ocrx_word' id='word_1_111' title='bbox 276 1597 456 1674; x_wconf 83' lang='lat' dir='ltr'><strong>mixtumque</strong></span> <span class='ocrx_word' id='word_1_112' title='bbox 470 1617 571 1675; x_wconf 86' lang='lat' dir='ltr'><strong>genus,</strong></span> <span class='ocrx_word' id='word_1_113' title='bbox 585 1599 739 1676; x_wconf 88' lang='lat' dir='ltr'><strong>prolesque</strong></span> <span class='ocrx_word' id='word_1_114' title='bbox 752 1598 881 1657; x_wconf 87' lang='lat' dir='ltr'><strong>biformis</strong></span> 
     </span>
     <span class='ocr_line' id='line_1_19' title="bbox 106 1674 885 1750; baseline 0.003 -18"><span class='ocrx_word' id='word_1_115' title='bbox 106 1674 291 1732; x_wconf 85' lang='lat' dir='ltr'><strong>Minotaurus</strong></span> <span class='ocrx_word' id='word_1_116' title='bbox 305 1675 389 1750; x_wconf 86' lang='lat' dir='ltr'><strong>inest,</strong></span> <span class='ocrx_word' id='word_1_117' title='bbox 404 1676 529 1735; x_wconf 87' lang='lat' dir='ltr'><strong>Veneris</strong></span> <span class='ocrx_word' id='word_1_118' title='bbox 543 1685 731 1736; x_wconf 89' lang='lat' dir='ltr'><strong>monumenta</strong></span> <span class='ocrx_word' id='word_1_119' title='bbox 743 1678 885 1736; x_wconf 77' lang='lat' dir='ltr'><strong>nefandae.</strong></span> 
     </span>
     <span class='ocr_line' id='line_1_20' title="bbox 107 1750 814 1830; baseline 0.004 -21"><span class='ocrx_word' id='word_1_120' title='bbox 107 1750 168 1810; x_wconf 85' lang='lat' dir='ltr'><strong>Hic</strong></span> <span class='ocrx_word' id='word_1_121' title='bbox 181 1750 262 1809; x_wconf 88' lang='lat' dir='ltr'><strong>labor</strong></span> <span class='ocrx_word' id='word_1_122' title='bbox 274 1752 324 1810; x_wconf 90' lang='lat' dir='ltr'><strong>ille</strong></span> <span class='ocrx_word' id='word_1_123' title='bbox 338 1753 449 1830; x_wconf 86' lang='lat' dir='ltr'><strong>domris,</strong></span> <span class='ocrx_word' id='word_1_124' title='bbox 465 1761 494 1812; x_wconf 87' lang='lat' dir='ltr'><strong>et</strong></span> <span class='ocrx_word' id='word_1_125' title='bbox 507 1754 715 1813; x_wconf 84' lang='lat' dir='ltr'><strong>inextricabilis</strong></span> <span class='ocrx_word' id='word_1_126' title='bbox 729 1773 814 1812; x_wconf 89' lang='lat' dir='ltr'><strong>error.</strong></span> 
     </span>
     <span class='ocr_line' id='line_1_21' title="bbox 107 1830 835 1906; baseline 0.005 -19"><span class='ocrx_word' id='word_1_127' title='bbox 107 1830 251 1906; x_wconf 87' lang='lat' dir='ltr'><strong>Magnum</strong></span> <span class='ocrx_word' id='word_1_128' title='bbox 265 1831 372 1906; x_wconf 81' lang='lat' dir='ltr'><strong>reginae</strong></span> <span class='ocrx_word' id='word_1_129' title='bbox 387 1832 439 1889; x_wconf 90' lang='lat' dir='ltr'><strong>sed</strong></span> <span class='ocrx_word' id='word_1_130' title='bbox 453 1833 531 1890; x_wconf 91' lang='lat' dir='ltr'><strong>enim</strong></span> <span class='ocrx_word' id='word_1_131' title='bbox 544 1832 695 1891; x_wconf 88' lang='lat' dir='ltr'><strong>miseratus</strong></span> <span class='ocrx_word' id='word_1_132' title='bbox 709 1851 835 1891; x_wconf 90' lang='lat' dir='ltr'><strong>amorem</strong></span> 
     </span>
     <span class='ocr_line' id='line_1_22' title="bbox 108 1908 860 1987; baseline 0.007 -23"><span class='ocrx_word' id='word_1_133' title='bbox 108 1908 257 1983; x_wconf 88' lang='lat' dir='ltr'><strong>Daedalus,</strong></span> <span class='ocrx_word' id='word_1_134' title='bbox 272 1909 334 1986; x_wconf 90' lang='lat' dir='ltr'><strong>ipse</strong></span> <span class='ocrx_word' id='word_1_135' title='bbox 348 1910 430 1968; x_wconf 91' lang='lat' dir='ltr'><strong>dolos</strong></span> <span class='ocrx_word' id='word_1_136' title='bbox 443 1911 512 1970; x_wconf 87' lang='lat' dir='ltr'><strong>tecti</strong></span> <span class='ocrx_word' id='word_1_137' title='bbox 527 1910 720 1987; x_wconf 83' lang='lat' dir='ltr'><strong>ambagesque</strong></span> <span class='ocrx_word' id='word_1_138' title='bbox 734 1911 860 1985; x_wconf 86' lang='lat' dir='ltr'><strong>resolvit,</strong></span> 
     </span>
     <span class='ocr_line' id='line_1_23' title="bbox 108 1985 887 2066; baseline 0.006 -23"><span class='ocrx_word' id='word_1_139' title='bbox 108 1985 197 2044; x_wconf 84' lang='lat' dir='ltr'><strong>Caeoa</strong></span> <span class='ocrx_word' id='word_1_140' title='bbox 209 2005 312 2063; x_wconf 86' lang='lat' dir='ltr'><strong>regens</strong></span> <span class='ocrx_word' id='word_1_141' title='bbox 326 1987 375 2046; x_wconf 84' lang='lat' dir='ltr'><strong>filo</strong></span> <span class='ocrx_word' id='word_1_142' title='bbox 389 1989 518 2066; x_wconf 74' lang='lat' dir='ltr'><strong>vestigia.</strong></span> <span class='ocrx_word' id='word_1_143' title='bbox 561 1989 608 2047; x_wconf 92' lang='lat' dir='ltr'><strong>Tu</strong></span> <span class='ocrx_word' id='word_1_144' title='bbox 623 2007 738 2066; x_wconf 90' lang='lat' dir='ltr'><strong>quoque</strong></span> <span class='ocrx_word' id='word_1_145' title='bbox 752 2008 887 2066; x_wconf 83' lang='lat' dir='ltr'><strong>magnam</strong></span> 
     </span>
     <span class='ocr_line' id='line_1_24' title="bbox 107 2065 945 2144; baseline 0.004 -22"><span class='ocrx_word' id='word_1_146' title='bbox 107 2065 223 2124; x_wconf 89' lang='lat' dir='ltr'><strong>Partem</strong></span> <span class='ocrx_word' id='word_1_147' title='bbox 237 2084 324 2142; x_wconf 91' lang='lat' dir='ltr'><strong>opere</strong></span> <span class='ocrx_word' id='word_1_148' title='bbox 337 2067 367 2124; x_wconf 91' lang='lat' dir='ltr'><strong>in</strong></span> <span class='ocrx_word' id='word_1_149' title='bbox 381 2075 470 2143; x_wconf 88' lang='lat' dir='ltr'><strong>tanto,</strong></span> <span class='ocrx_word' id='word_1_150' title='bbox 484 2068 592 2127; x_wconf 88' lang='lat' dir='ltr'><strong>sineret</strong></span> <span class='ocrx_word' id='word_1_151' title='bbox 605 2069 694 2144; x_wconf 91' lang='lat' dir='ltr'><strong>dolor,</strong></span> <span class='ocrx_word' id='word_1_152' title='bbox 710 2068 800 2144; x_wconf 88' lang='lat' dir='ltr'><strong>lcare,</strong></span> <span class='ocrx_word' id='word_1_153' title='bbox 814 2068 945 2126; x_wconf 84' lang='lat' dir='ltr'><strong>haberes.</strong></span> 
     </span>
     <span class='ocr_line' id='line_1_25' title="bbox 107 2143 888 2223; baseline 0.004 -22"><span class='ocrx_word' id='word_1_154' title='bbox 107 2143 159 2202; x_wconf 92' lang='lat' dir='ltr'><strong>Bis</strong></span> <span class='ocrx_word' id='word_1_155' title='bbox 173 2153 293 2203; x_wconf 87' lang='lat' dir='ltr'><strong>conatus</strong></span> <span class='ocrx_word' id='word_1_156' title='bbox 308 2152 369 2203; x_wconf 90' lang='lat' dir='ltr'><strong>erat</strong></span> <span class='ocrx_word' id='word_1_157' title='bbox 381 2165 465 2205; x_wconf 88' lang='lat' dir='ltr'><strong>casus</strong></span> <span class='ocrx_word' id='word_1_158' title='bbox 479 2146 616 2223; x_wconf 86' lang='lat' dir='ltr'><strong>effingere</strong></span> <span class='ocrx_word' id='word_1_159' title='bbox 630 2147 660 2204; x_wconf 93' lang='lat' dir='ltr'><strong>in</strong></span> <span class='ocrx_word' id='word_1_160' title='bbox 675 2166 763 2220; x_wconf 78' lang='lat' dir='ltr'><strong>aur03</strong></span> <span class='ocrx_word' id='word_1_161' title='bbox 884 2145 888 2150; x_wconf 84' lang='grc'><strong>’</strong></span> 
     </span>
     <span class='ocr_line' id='line_1_26' title="bbox 106 2222 931 2303; baseline 0.004 -23"><span class='ocrx_word' id='word_1_162' title='bbox 106 2222 159 2281; x_wconf 85' lang='lat' dir='ltr'><strong>Bis</strong></span> <span class='ocrx_word' id='word_1_163' title='bbox 172 2223 271 2299; x_wconf 77' lang='lat' dir='ltr'><strong>patriae</strong></span> <span class='ocrx_word' id='word_1_164' title='bbox 286 2223 419 2282; x_wconf 65' lang='lat' dir='ltr'><strong>cecidere</strong></span> <span class='ocrx_word' id='word_1_165' title='bbox 433 2244 545 2283; x_wconf 87' lang='lat' dir='ltr'><strong>manus.</strong></span> <span class='ocrx_word' id='word_1_166' title='bbox 588 2225 669 2297; x_wconf 81' lang='lat' dir='ltr'><strong>Quin</strong></span> <span class='ocrx_word' id='word_1_167' title='bbox 683 2233 820 2303; x_wconf 88' lang='lat' dir='ltr'><strong>protenus</strong></span> <span class='ocrx_word' id='word_1_168' title='bbox 834 2224 931 2283; x_wconf 87' lang='lat' dir='ltr'><strong>omnia</strong></span> 
     </span>
     <span class='ocr_line' id='line_1_27' title="bbox 106 2299 845 2382; baseline 0.005 -24"><span class='ocrx_word' id='word_1_169' title='bbox 106 2299 294 2377; x_wconf 86' lang='lat' dir='ltr'><strong>Perlegerent</strong></span> <span class='ocrx_word' id='word_1_170' title='bbox 307 2302 408 2379; x_wconf 88' lang='lat' dir='ltr'><strong>oculis,</strong></span> <span class='ocrx_word' id='word_1_171' title='bbox 423 2303 454 2361; x_wconf 93' lang='lat' dir='ltr'><strong>ni</strong></span> <span class='ocrx_word' id='word_1_172' title='bbox 463 2307 525 2382; x_wconf 89' lang='lat' dir='ltr'><strong>jam</strong></span> <span class='ocrx_word' id='word_1_173' title='bbox 538 2306 703 2380; x_wconf 85' lang='lat' dir='ltr'><strong>praemissus</strong></span> <span class='ocrx_word' id='word_1_174' title='bbox 717 2303 845 2363; x_wconf 83' lang='lat' dir='ltr'><strong>Achates</strong></span> 
     </span>
     <span class='ocr_line' id='line_1_28' title="bbox 106 2379 859 2460; baseline 0.007 -24"><span class='ocrx_word' id='word_1_175' title='bbox 106 2379 228 2453; x_wconf 82' lang='lat' dir='ltr'><strong>Afforet,</strong></span> <span class='ocrx_word' id='word_1_176' title='bbox 242 2389 328 2456; x_wconf 87' lang='lat' dir='ltr'><strong>atque</strong></span> <span class='ocrx_word' id='word_1_177' title='bbox 342 2383 402 2438; x_wconf 77' lang='lat' dir='ltr'><strong>und</strong></span> <span class='ocrx_word' id='word_1_178' title='bbox 416 2381 521 2440; x_wconf 87' lang='lat' dir='ltr'><strong>Phoebi</strong></span> <span class='ocrx_word' id='word_1_179' title='bbox 536 2383 701 2460; x_wconf 83' lang='lat' dir='ltr'><strong>Triviaeque</strong></span> <span class='ocrx_word' id='word_1_180' title='bbox 715 2383 859 2457; x_wconf 78' lang='lat' dir='ltr'><strong>sacerdos,</strong></span> 
     </span>
     <span class='ocr_line' id='line_1_29' title="bbox 107 2456 734 2537; baseline 0.008 -24"><span class='ocrx_word' id='word_1_181' title='bbox 107 2456 264 2534; x_wconf 87' lang='lat' dir='ltr'><strong>Deiphobe</strong></span> <span class='ocrx_word' id='word_1_182' title='bbox 278 2459 392 2531; x_wconf 78' lang='lat' dir='ltr'><strong>Glauci,</strong></span> <span class='ocrx_word' id='word_1_183' title='bbox 408 2460 482 2517; x_wconf 85' lang='lat' dir='ltr'><strong>latur</strong></span> <span class='ocrx_word' id='word_1_184' title='bbox 496 2479 560 2537; x_wconf 76' lang='lat' dir='ltr'><strong>quae</strong></span> <span class='ocrx_word' id='word_1_185' title='bbox 574 2461 642 2518; x_wconf 87' lang='lat' dir='ltr'><strong>talia</strong></span> <span class='ocrx_word' id='word_1_186' title='bbox 654 2461 734 2537; x_wconf 84' lang='lat' dir='ltr'><strong>regi:</strong></span> 
     </span>
     <span class='ocr_line' id='line_1_30' title="bbox 107 2532 814 2616; baseline 0.001 -23"><span class='ocrx_word' id='word_1_187' title='bbox 107 2532 178 2593; x_wconf 91' lang='lat' dir='ltr'><strong>Non</strong></span> <span class='ocrx_word' id='word_1_188' title='bbox 191 2533 248 2591; x_wconf 89' lang='lat' dir='ltr'><strong>hoc</strong></span> <span class='ocrx_word' id='word_1_189' title='bbox 261 2535 316 2592; x_wconf 88' lang='lat' dir='ltr'><strong>ista</strong></span> <span class='ocrx_word' id='word_1_190' title='bbox 329 2536 385 2591; x_wconf 90' lang='lat' dir='ltr'><strong>sibi</strong></span> <span class='ocrx_word' id='word_1_191' title='bbox 398 2544 513 2611; x_wconf 90' lang='lat' dir='ltr'><strong>tempus</strong></span> <span class='ocrx_word' id='word_1_192' title='bbox 528 2539 691 2613; x_wconf 87' lang='lat' dir='ltr'><strong>spectacula</strong></span> <span class='ocrx_word' id='word_1_193' title='bbox 702 2537 814 2616; x_wconf 88' lang='lat' dir='ltr'><strong>poscit:</strong></span> 
     </span>
     <span class='ocr_line' id='line_1_31' title="bbox 108 2611 885 2692; baseline 0.005 -23"><span class='ocrx_word' id='word_1_194' title='bbox 108 2612 197 2669; x_wconf 88' lang='lat' dir='ltr'><strong>Nunc</strong></span> <span class='ocrx_word' id='word_1_195' title='bbox 211 2629 300 2686; x_wconf 81' lang='lat' dir='ltr'><strong>grege.</strong></span> <span class='ocrx_word' id='word_1_196' title='bbox 311 2612 348 2669; x_wconf 91' lang='lat' dir='ltr'><strong>de</strong></span> <span class='ocrx_word' id='word_1_197' title='bbox 362 2611 469 2669; x_wconf 79' lang='lat' dir='ltr'><strong>intacto</strong></span> <span class='ocrx_word' id='word_1_198' title='bbox 484 2622 594 2690; x_wconf 89' lang='lat' dir='ltr'><strong>septem</strong></span> <span class='ocrx_word' id='word_1_199' title='bbox 608 2624 733 2674; x_wconf 86' lang='lat' dir='ltr'><strong>mactare</strong></span> <span class='ocrx_word' id='word_1_200' title='bbox 742 2618 885 2692; x_wconf 83' lang='lat' dir='ltr'><strong>juvencos</strong></span> 
     </span>
     <span class='ocr_line' id='line_1_32' title="bbox 108 2689 825 2763; baseline -0.001 -16"><span class='ocrx_word' id='word_1_201' title='bbox 108 2689 287 2763; x_wconf 80' lang='lat' dir='ltr'><strong>Praestiterit,</strong></span> <span class='ocrx_word' id='word_1_202' title='bbox 302 2689 422 2748; x_wconf 90' lang='lat' dir='ltr'><strong>totidem</strong></span> <span class='ocrx_word' id='word_1_203' title='bbox 436 2689 525 2748; x_wconf 86' lang='lat' dir='ltr'><strong>lectas</strong></span> <span class='ocrx_word' id='word_1_204' title='bbox 538 2691 576 2749; x_wconf 91' lang='lat' dir='ltr'><strong>de</strong></span> <span class='ocrx_word' id='word_1_205' title='bbox 590 2711 669 2749; x_wconf 90' lang='lat' dir='ltr'><strong>more</strong></span> <span class='ocrx_word' id='word_1_206' title='bbox 683 2691 825 2750; x_wconf 89' lang='lat' dir='ltr'><strong>bidentes.</strong></span> 
     </span>
     <span class='ocr_line' id='line_1_33' title="bbox 148 2767 852 2846; baseline 0 -21"><span class='ocrx_word' id='word_1_207' title='bbox 148 2767 270 2826; x_wconf 86' lang='lat' dir='ltr'><strong>Talibus</strong></span> <span class='ocrx_word' id='word_1_208' title='bbox 284 2767 370 2826; x_wconf 83' lang='lat' dir='ltr'><strong>affata</strong></span> <span class='ocrx_word' id='word_1_209' title='bbox 383 2768 499 2825; x_wconf 84' lang='lat' dir='ltr'><strong>AEnean</strong></span> <span class='ocrx_word' id='word_1_210' title='bbox 518 2767 588 2846; x_wconf 80' lang='lat' dir='ltr'><strong>(neo</strong></span> <span class='ocrx_word' id='word_1_211' title='bbox 603 2788 683 2828; x_wconf 85' lang='lat' dir='ltr'><strong>sacra</strong></span> <span class='ocrx_word' id='word_1_212' title='bbox 696 2776 852 2827; x_wconf 85' lang='lat' dir='ltr'><strong>morantur·</strong></span> 
     </span>
     <span class='ocr_line' id='line_1_34' title="bbox 107 2842 912 2925; baseline 0 -22"><span class='ocrx_word' id='word_1_213' title='bbox 107 2842 192 2905; x_wconf 80' lang='lat' dir='ltr'><strong>Jussa</strong></span> <span class='ocrx_word' id='word_1_214' title='bbox 204 2845 274 2924; x_wconf 89' lang='lat' dir='ltr'><strong>viri)</strong></span> <span class='ocrx_word' id='word_1_215' title='bbox 293 2846 422 2905; x_wconf 88' lang='lat' dir='ltr'><strong>Teucros</strong></span> <span class='ocrx_word' id='word_1_216' title='bbox 436 2856 521 2905; x_wconf 88' lang='lat' dir='ltr'><strong>vocat</strong></span> <span class='ocrx_word' id='word_1_217' title='bbox 534 2848 591 2906; x_wconf 89' lang='lat' dir='ltr'><strong>alta</strong></span> <span class='ocrx_word' id='word_1_218' title='bbox 602 2848 634 2906; x_wconf 92' lang='lat' dir='ltr'><strong>in</strong></span> <span class='ocrx_word' id='word_1_219' title='bbox 647 2848 757 2925; x_wconf 88' lang='lat' dir='ltr'><strong>templa</strong></span> <span class='ocrx_word' id='word_1_220' title='bbox 770 2846 912 2906; x_wconf 84' lang='lat' dir='ltr'><strong>sacerdos.</strong></span> 
     </span>
     <span class='ocr_line' id='line_1_35' title="bbox 107 2924 887 3004; baseline 0 -21"><span class='ocrx_word' id='word_1_221' title='bbox 107 2925 249 2995; x_wconf 81' lang='lat' dir='ltr'><strong>Excisum</strong></span> <span class='ocrx_word' id='word_1_222' title='bbox 263 2924 406 2983; x_wconf 81' lang='lat' dir='ltr'><strong>Euboicae</strong></span> <span class='ocrx_word' id='word_1_223' title='bbox 421 2925 495 2984; x_wconf 87' lang='lat' dir='ltr'><strong>latus</strong></span> <span class='ocrx_word' id='word_1_224' title='bbox 509 2926 611 3002; x_wconf 87' lang='lat' dir='ltr'><strong>ingens</strong></span> <span class='ocrx_word' id='word_1_225' title='bbox 625 2927 704 3004; x_wconf 87' lang='lat' dir='ltr'><strong>rupis</strong></span> <span class='ocrx_word' id='word_1_226' title='bbox 718 2927 749 2985; x_wconf 96' lang='lat' dir='ltr'><strong>in</strong></span> <span class='ocrx_word' id='word_1_227' title='bbox 764 2933 887 3001; x_wconf 67' lang='lat' dir='ltr'><strong>annum,</strong></span> 
     </span>
     <span class='ocr_line' id='line_1_36' title="bbox 109 3000 848 3082; baseline 0.003 -21"><span class='ocrx_word' id='word_1_228' title='bbox 109 3000 176 3075; x_wconf 77' lang='lat' dir='ltr'><strong>Qud</strong></span> <span class='ocrx_word' id='word_1_229' title='bbox 190 3004 241 3062; x_wconf 91' lang='lat' dir='ltr'><strong>lati</strong></span> <span class='ocrx_word' id='word_1_230' title='bbox 254 3004 364 3062; x_wconf 89' lang='lat' dir='ltr'><strong>ducunt</strong></span> <span class='ocrx_word' id='word_1_231' title='bbox 378 3004 472 3063; x_wconf 83' lang='lat' dir='ltr'><strong>aditus</strong></span> <span class='ocrx_word' id='word_1_232' title='bbox 485 3015 612 3082; x_wconf 88' lang='lat' dir='ltr'><strong>centum,</strong></span> <span class='ocrx_word' id='word_1_233' title='bbox 627 3005 700 3064; x_wconf 88' lang='lat' dir='ltr'><strong>ostia</strong></span> <span class='ocrx_word' id='word_1_234' title='bbox 713 3012 848 3077; x_wconf 72' lang='lat' dir='ltr'><strong>centum</strong></span> 
     </span>
     <span class='ocr_line' id='line_1_37' title="bbox 107 3081 834 3163; baseline -0.001 -22"><span class='ocrx_word' id='word_1_235' title='bbox 107 3081 196 3142; x_wconf 87' lang='lat' dir='ltr'><strong>Unde</strong></span> <span class='ocrx_word' id='word_1_236' title='bbox 209 3090 295 3141; x_wconf 92' lang='lat' dir='ltr'><strong>ruunt</strong></span> <span class='ocrx_word' id='word_1_237' title='bbox 309 3083 428 3141; x_wconf 86' lang='lat' dir='ltr'><strong>totidem</strong></span> <span class='ocrx_word' id='word_1_238' title='bbox 442 3103 539 3161; x_wconf 88' lang='lat' dir='ltr'><strong>voees,</strong></span> <span class='ocrx_word' id='word_1_239' title='bbox 553 3104 691 3163; x_wconf 88' lang='lat' dir='ltr'><strong>responsa</strong></span> <span class='ocrx_word' id='word_1_240' title='bbox 705 3084 834 3161; x_wconf 85' lang='lat' dir='ltr'><strong>Sibyllae.</strong></span> 
     </span>
     <span class='ocr_line' id='line_1_38' title="bbox 107 3160 941 3240; baseline 0.002 -21"><span class='ocrx_word' id='word_1_241' title='bbox 107 3160 238 3220; x_wconf 87' lang='lat' dir='ltr'><strong>Ventum</strong></span> <span class='ocrx_word' id='word_1_242' title='bbox 252 3170 313 3220; x_wconf 89' lang='lat' dir='ltr'><strong>erat</strong></span> <span class='ocrx_word' id='word_1_243' title='bbox 327 3162 363 3219; x_wconf 83' lang='lat' dir='ltr'><strong>ad</strong></span> <span class='ocrx_word' id='word_1_244' title='bbox 376 3162 475 3238; x_wconf 90' lang='lat' dir='ltr'><strong>limen,</strong></span> <span class='ocrx_word' id='word_1_245' title='bbox 490 3183 580 3239; x_wconf 91' lang='lat' dir='ltr'><strong>quum</strong></span> <span class='ocrx_word' id='word_1_246' title='bbox 594 3164 684 3240; x_wconf 83' lang='lat' dir='ltr'><strong>virgo,</strong></span> <span class='ocrx_word' id='word_1_247' title='bbox 699 3163 824 3223; x_wconf 89' lang='lat' dir='ltr'><strong>Poscere</strong></span> <span class='ocrx_word' id='word_1_248' title='bbox 837 3162 895 3221; x_wconf 83' lang='lat' dir='ltr'><strong>fate</strong></span> <span class='ocrx_word' id='word_1_249' title='bbox 932 3222 941 3236; x_wconf 70' lang='grc'>,</span> 
     </span>
     <span class='ocr_line' id='line_1_39' title="bbox 108 3238 881 3318; baseline 0.003 -22"><span class='ocrx_word' id='word_1_250' title='bbox 108 3238 249 3316; x_wconf 88' lang='lat' dir='ltr'><strong>Tempus,</strong></span> <span class='ocrx_word' id='word_1_251' title='bbox 264 3238 322 3297; x_wconf 89' lang='lat' dir='ltr'><strong>ait:</strong></span> <span class='ocrx_word' id='word_1_252' title='bbox 345 3240 426 3317; x_wconf 90' lang='lat' dir='ltr'><strong>deus,</strong></span> <span class='ocrx_word' id='word_1_253' title='bbox 442 3260 520 3318; x_wconf 88' lang='lat' dir='ltr'><strong>ecce,</strong></span> <span class='ocrx_word' id='word_1_254' title='bbox 535 3243 615 3301; x_wconf 90' lang='lat' dir='ltr'><strong>deus.</strong></span> <span class='ocrx_word' id='word_1_255' title='bbox 658 3243 716 3302; x_wconf 88' lang='lat' dir='ltr'><strong>Cui</strong></span> <span class='ocrx_word' id='word_1_256' title='bbox 729 3241 798 3302; x_wconf 81' lang='lat' dir='ltr'><strong>talia</strong></span> <span class='ocrx_word' id='word_1_257' title='bbox 810 3240 881 3299; x_wconf 84' lang='lat' dir='ltr'><strong>fanti</strong></span> 
     </span>
     <span class='ocr_line' id='line_1_40' title="bbox 107 3315 854 3397; baseline 0.003 -22"><span class='ocrx_word' id='word_1_258' title='bbox 107 3319 186 3375; x_wconf 82' lang='lat' dir='ltr'><strong>Ante</strong></span> <span class='ocrx_word' id='word_1_259' title='bbox 199 3316 284 3393; x_wconf 87' lang='lat' dir='ltr'><strong>fores,</strong></span> <span class='ocrx_word' id='word_1_260' title='bbox 300 3315 395 3376; x_wconf 68' lang='lat' dir='ltr'><strong>subiti)</strong></span> <span class='ocrx_word' id='word_1_261' title='bbox 409 3339 468 3379; x_wconf 91' lang='lat' dir='ltr'><strong>non</strong></span> <span class='ocrx_word' id='word_1_262' title='bbox 481 3321 589 3397; x_wconf 88' lang='lat' dir='ltr'><strong>vultus,</strong></span> <span class='ocrx_word' id='word_1_263' title='bbox 600 3340 663 3387; x_wconf 59' lang='lat' dir='ltr'><strong>‚non</strong></span> <span class='ocrx_word' id='word_1_264' title='bbox 675 3320 755 3380; x_wconf 89' lang='lat' dir='ltr'><strong>color</strong></span> <span class='ocrx_word' id='word_1_265' title='bbox 767 3338 854 3393; x_wconf 91' lang='lat' dir='ltr'><strong>unus,</strong></span> 
     </span>
     <span class='ocr_line' id='line_1_41' title="bbox 108 3395 924 3478; baseline 0.001 -25"><span class='ocrx_word' id='word_1_266' title='bbox 108 3395 179 3454; x_wconf 91' lang='lat' dir='ltr'><strong>Non</strong></span> <span class='ocrx_word' id='word_1_267' title='bbox 192 3414 258 3454; x_wconf 89' lang='lat' dir='ltr'><strong>eom</strong></span> <span class='ocrx_word' id='word_1_268' title='bbox 277 3403 315 3454; x_wconf 76' lang='lat' dir='ltr'><strong>tae</strong></span> <span class='ocrx_word' id='word_1_269' title='bbox 328 3396 460 3456; x_wconf 62' lang='lat' dir='ltr'><strong>mansere</strong></span> <span class='ocrx_word' id='word_1_270' title='bbox 474 3418 585 3474; x_wconf 75' lang='lat' dir='ltr'><strong>comae,</strong></span> <span class='ocrx_word' id='word_1_271' title='bbox 607 3399 660 3458; x_wconf 89' lang='lat' dir='ltr'><strong>sed</strong></span> <span class='ocrx_word' id='word_1_272' title='bbox 671 3407 773 3478; x_wconf 89' lang='lat' dir='ltr'><strong>pectus</strong></span> <span class='ocrx_word' id='word_1_273' title='bbox 788 3396 924 3456; x_wconf 89' lang='lat' dir='ltr'><strong>anhelum</strong></span> 
     </span>
     <span class='ocr_line' id='line_1_42' title="bbox 108 3415 829 3557; baseline -0.001 -23"><span class='ocrx_word' id='word_1_274' title='bbox 108 3473 151 3534; x_wconf 86' lang='lat' dir='ltr'><strong>Et</strong></span> <span class='ocrx_word' id='word_1_275' title='bbox 163 3473 242 3532; x_wconf 90' lang='lat' dir='ltr'><strong>rabie</strong></span> <span class='ocrx_word' id='word_1_276' title='bbox 256 3415 317 3533; x_wconf 66' lang='lat' dir='ltr'><strong>llere</strong></span> <span class='ocrx_word' id='word_1_277' title='bbox 329 3476 417 3534; x_wconf 87' lang='lat' dir='ltr'><strong>eorda</strong></span> <span class='ocrx_word' id='word_1_278' title='bbox 428 3485 549 3555; x_wconf 85' lang='lat' dir='ltr'><strong>tument,</strong></span> <span class='ocrx_word' id='word_1_279' title='bbox 565 3481 713 3557; x_wconf 88' lang='lat' dir='ltr'><strong>majorque</strong></span> <span class='ocrx_word' id='word_1_280' title='bbox 726 3476 829 3552; x_wconf 82' lang='lat' dir='ltr'><strong>videri,</strong></span> 
     </span>
     <span class='ocr_line' id='line_1_43' title="bbox 108 3552 866 3631; baseline -0.003 -19"><span class='ocrx_word' id='word_1_281' title='bbox 108 3553 141 3612; x_wconf 93' lang='lat' dir='ltr'>N</span> <span class='ocrx_word' id='word_1_282' title='bbox 141 3571 176 3611; x_wconf 90' lang='lat' dir='ltr'><strong>ec</strong></span> <span class='ocrx_word' id='word_1_283' title='bbox 189 3552 310 3612; x_wconf 89' lang='lat' dir='ltr'><strong>mortale</strong></span> <span class='ocrx_word' id='word_1_284' title='bbox 324 3558 439 3631; x_wconf 85' lang='lat' dir='ltr'><strong>sonans,</strong></span> <span class='ocrx_word' id='word_1_285' title='bbox 454 3555 548 3616; x_wconf 82' lang='lat' dir='ltr'><strong>adlata</strong></span> <span class='ocrx_word' id='word_1_286' title='bbox 561 3557 737 3617; x_wconf 87' lang='lat' dir='ltr'><strong>est-numine</strong></span> <span class='ocrx_word' id='word_1_287' title='bbox 751 3553 866 3631; x_wconf 88' lang='lat' dir='ltr'><strong>quando</strong></span> 
     </span>
    </p>
   </div>
   <div class='ocr_carea' id='block_1_3' title="bbox 107 3631 845 3770">
    <p class='ocr_par' dir='ltr' id='par_1_3' title="bbox 107 3631 845 3770">
     <span class='ocr_line' id='line_1_44' title="bbox 107 3631 845 3770; baseline 0 -80"><span class='ocrx_word' id='word_1_288' title='bbox 107 3631 174 3691; x_wconf 89' lang='lat' dir='ltr'><strong>Jam</strong></span> <span class='ocrx_word' id='word_1_289' title='bbox 187 3631 321 3770; x_wconf 56' lang='lat' dir='ltr'><strong>propipqe</strong></span> <span class='ocrx_word' id='word_1_290' title='bbox 335 3632 391 3692; x_wconf 88' lang='lat' dir='ltr'><strong>dei.</strong></span> <span class='ocrx_word' id='word_1_291' title='bbox 434 3634 539 3694; x_wconf 84' lang='lat' dir='ltr'><strong>Cessas</strong></span> <span class='ocrx_word' id='word_1_292' title='bbox 552 3635 582 3694; x_wconf 92' lang='lat' dir='ltr'><strong>in</strong></span> <span class='ocrx_word' id='word_1_293' title='bbox 596 3643 663 3695; x_wconf 88' lang='lat' dir='ltr'><strong>vota</strong></span> <span class='ocrx_word' id='word_1_294' title='bbox 676 3649 845 3712; x_wconf 88' lang='lat' dir='ltr'><strong>precesque,</strong></span> 
     </span>
    </p>
   </div>
   <div class='ocr_carea' id='block_1_4' title="bbox 0 0 1207 4178">
    <p class='ocr_par' dir='ltr' id='par_1_4' title="bbox 0 0 1207 4178">
     <span class='ocr_line' id='line_1_45' title="bbox 0 0 1207 4178; baseline 0 0"><span class='ocrx_word' id='word_1_295' title='bbox 0 0 1207 4178; x_wconf 95' lang='lat' dir='ltr'><strong> </strong></span> 
     </span>
    </p>
   </div>
  </div>
 </body>
</html>
