2400 4178
400 163 405 173 ’
503 205 617 283 amsa
636 205 690 264 rx.

113 353 234 420 Pectore
246 359 277 420 in
288 359 410 425 'adverso
424 365 516 418 totum
530 358 577 417 cui
590 353 752 419 comminus
766 370 868 418 ensem

113 439 250 498 Condidit
263 439 429 514 assurgenti,
444 446 473 495 et
485 437 575 496 multia
589 445 678 496 morte
692 437 811 514 recepit.

113 517 288 595 Purpuream
301 517 392 576 vomit
403 515 453 574 ille
467 517 600 592 animam,
615 524 725 576 etcum
738 518 878 592 sanguine
892 519 982 577 mixta

112 595 191 654 Vina
203 597 288 654 refert
300 596 423 654 moriens
436 614 442 652 ε
464 595 512 654 hic
525 595 599 654 furto
613 595 739 654 fervidus
752 596 846 655 instat
1027 603 1083 656 350

112 674 234 753 Jamque
248 676 284 734 ad
297 675 426 752 Messapi
437 675 532 733 socios
546 675 690 750 tendebat,
704 675 755 733 ubi
767 675 864 750 ignem

112 755 246 812 Deficere
260 763 428 829 extremum,
444 761 473 811 et
485 754 617 829 religatos
630 751 682 813 rite
698 753 813 813 videbat
830 760 834 770 '
875 784 900 805 κ

112 833 237 911 Carpere
251 853 366 909 gramen
381 851 488 909 equos;
510 832 633 891 breviter
646 853 735 910 quum
748 833 816 892 talia
827 834 928 910 Nisus,

116 910 227 988 (Sensit
240 914 317 970 enim
330 911 418 970 nimii
433 911 513 968 caede
528 919 613 986 atque
627 912 761 988 cupidine
775 912 865 990 serri,)
961 954 963 958 Α

111 991 300 1065 Absistamus,
316 992 372 1063 ait,
393 1009 460 1047 nam
475 990 525 1047 lux
537 990 655 1047 inimica
667 991 848 1067 propinquat.
948 995 949 999 ’
1026 999 1082 1051 355

111 1069 265 1128 Poenarum
280 1069 449 1126 exhaustum
464 1068 531 1126 satis
545 1075 605 1141 est,
627 1069 675 1126 via
687 1069 761 1127 sacta
773 1088 826 1146 per
838 1069 945 1129 hostes.

111 1149 207 1206 Multa
218 1148 311 1205 virirm
325 1147 415 1205 solido
429 1156 546 1222 argento
559 1147 686 1224 perfecta
698 1148 863 1224 relinquunt

23 1267 32 1293 .
111 1229 264 1303 Armaque,
280 1234 459 1302 craterasque
473 1227 566 1301 simul,
580 1226 771 1303 pulchrosque
785 1237 902 1305 tapetas.

110 1304 392 1383 Euryalusphaleras
405 1305 577 1363 Rhamnetis
591 1313 620 1363 et
633 1324 718 1363 aurea
730 1306 815 1365 bullis

111 1384 253 1461 Cingula,
275 1384 389 1443 Tiburti
402 1385 527 1442 Remulo
542 1384 696 1443 ditissimus
710 1386 778 1443 olim
1025 1390 1089 1443 360

112 1465 185 1535 Quae
201 1465 285 1523 mittit
299 1465 382 1540 dona,
396 1464 520 1541 hospitio
534 1469 623 1541 quum
634 1466 768 1542 jungeret
781 1464 899 1540 absens,

111 1544 262 1616 Caedicus;
284 1543 332 1601 ille
345 1563 399 1602 suo
413 1544 537 1602 moriens
551 1545 599 1602 dat
611 1543 717 1601 habere
727 1545 847 1622 nepoti:
960 1597 961 1616 ,

110 1621 181 1680 Post
194 1631 313 1681 mortem
326 1622 402 1681 bello
416 1624 517 1680 Rutuli
530 1623 682 1700 pugnisque
696 1624 786 1700 potiti.

76 1725 78 1728 ·
111 1700 185 1758 Haec
199 1702 280 1777 rapit,
296 1711 379 1777 atque
392 1701 520 1759 humeris
534 1703 726 1779 nequidquam
739 1703 857 1762 sor-tibus
872 1710 956 1779 aptat.

111 1778 186 1838 Tum
201 1780 311 1856 galeam
324 1780 455 1858 Messapi
467 1780 593 1839 habilem
607 1782 755 1857 cristisque
769 1782 914 1856 decoram,
1025 1785 1088 1838 305·

110 1856 216 1918 Induit.
258 1856 414 1918 Ericedunt
426 1859 534 1935 castris,
549 1868 579 1918 et
591 1867 652 1918 tuta
665 1868 826 1936 capessunt.

150 1938 263 1996 Interea
275 1939 417 2015 praemissi
429 1939 539 2016 equites
554 1958 591 1997 ex
604 1939 674 1997 urbe
687 1939 800 2015 Latina,

109 2017 223 2076 Caetera
236 2019 304 2076 dum
318 2018 393 2094 legio
407 2019 517 2095 campis
529 2018 666 2077 instructa
679 2027 813 2094 moratur,

110 2097 201 2174 Ibant,
217 2105 245 2156 et
258 2098 356 2155 Turno
371 2097 445 2174 regis
458 2117 595 2175 responsa
606 2097 744 2174 ferebant,

109 2176 292 2251 Tercentum,
308 2178 408 2236 scutati
423 2197 531 2254 omnes,
546 2179 702 2236 Volscente
716 2178 858 2254 magistro.
1025 2180 1081 2233 370

107 2254 125 2313 J
127 2275 228 2333 amque
242 2257 469 2334 propinquabant
482 2257 589 2333 castris,
603 2275 757 2334 murosque
771 2256 912 2332 subibant,

110 2335 207 2404 Quum
220 2336 320 2412 procul
334 2336 387 2393 hos
400 2336 473 2394 laevo
487 2337 634 2395 flectentes
648 2337 738 2395 limite
752 2344 889 2409 cernunt,

109 2413 150 2471 Et
162 2413 244 2489 galea
256 2413 415 2489 Euryalum
430 2415 564 2481 sublustri
579 2415 670 2473 noctis
684 2415 714 2472 in
728 2415 829 2473 umbri

108 2490 239 2549 Prodidit
251 2490 458 2566 immemorem,
472 2494 615 2569 radiisque
630 2493 748 2550 adversa
762 2493 879 2551 refulsit.

109 2569 196 2626 Haud
210 2565 317 2626 temere
333 2577 376 2626 est
388 2570 492 2644 risum,
504 2572 662 2628 conclamat
673 2571 708 2629 ab
721 2573 835 2647 agmine
845 2570 1007 2629 Volscens:
1022 2575 1086 2628 3752

110 2647 199 2724 State,
213 2646 267 2704 viri
279 2667 286 2720 3
309 2666 372 2723 quae
387 2667 472 2706 causa
485 2649 563 2706 viae?
584 2650 670 2725 quive
685 2649 752 2707 estis
765 2650 795 2706 in
809 2650 916 2723 armis?

110 2724 214 2797 Quisve
228 2727 331 2784 tenetis
345 2726 421 2785 iter?
442 2726 525 2784 Nihil
538 2726 581 2784 illi
594 2728 711 2785 tendere
726 2725 841 2800 coutrd;
863 2742 873 2760 ⁹

109 2806 167 2864 Sed
180 2806 305 2865 celerare
318 2805 415 2882 sugam
428 2806 458 2863 in
472 2806 567 2884 silvas,
583 2813 612 2864 et
625 2806 713 2864 fidere
727 2807 812 2864 nocti.

108 2885 256 2964 Objiciunt
270 2886 381 2963 equites
394 2904 458 2943 sese
472 2886 508 2943 ad
522 2885 642 2944 divortia
654 2894 722 2944 nota

107 2965 186 3024 Hinc
200 2974 284 3041 atque
297 2965 375 3040 hinc,
391 2982 564 3040 omnemque
578 2964 687 3022 abitum
701 2966 821 3023 custode
835 2972 978 3024 coronant.
1023 2971 1080 3025 380

90 3053 95 3067 “
108 3044 188 3103 Silva
199 3045 254 3104 suit
265 3042 322 3103 late
338 3043 433 3102 dumis
447 3053 532 3121 atque
545 3043 611 3102 ilice
625 3044 705 3120 nigrai

107 3123 240 3198 Horrida,
254 3143 339 3199 quam
354 3124 436 3181 densi
450 3120 627 3199 complerant
639 3123 766 3198 undique
780 3130 893 3197 sentes,

106 3201 184 3260 Rara
196 3221 248 3280 per
260 3202 388 3262 occultos
401 3201 515 3260 lucebat
528 3203 630 3261 semita
642 3202 737 3260 calles.

107 3279 266 3359 Euryalum
279 3281 405 3339 tenebrae
418 3301 562 3340 ramorum
574 3300 751 3358 onerosaque
765 3282 864 3358 praeda

108 3356 289 3436 Impediunt3
310 3358 441 3436 fallitque
450 3361 536 3419 timor
548 3361 664 3436 regione
677 3361 796 3418 viarum.
1021 3363 1083 3416 383

106 3436 198 3496 Nisus
211 3435 270 3495 abit
282 3457 288 3495 ε
306 3441 423 3515 jamque
436 3437 601 3517 imprudens
616 3446 743 3497 evaserat
755 3437 863 3513 hostes,

106 3516 154 3574 Ad
167 3515 247 3575 lucos
261 3516 310 3593 qui
322 3512 396 3592 pist,
410 3515 493 3574 Albae
507 3518 684 3591 denomino,
699 3516 767 3574 dicti

106 3594 231 3668 Albani3
252 3604 314 3653 tum
328 3614 379 3653 rex
392 3595 503 3654 stabula
515 3597 572 3656 alta
584 3595 705 3655 Latinus
718 3592 849 3652 habebat

107 3673 150 3734 Ut
163 3675 248 3751 stetit,
263 3682 292 3733 et
304 3673 406 3734 frustra
418 3672 565 3734 absentem
578 3673 705 3751 respexit
718 3674 859 3731 amicum:

107 3752 242 3832 Euryale,
255 3752 357 3866 infelix
369 3753 426 3833 qut
438 3753 598 3830 taregioue
610 3751 733 3829 reliqui?
1018 3754 1078 3809 390
