2400 4178
105 166 157 221 lm
511 164 692 221 AENBIDOS

104 314 194 374 Haud
209 312 368 373 dubitsnda
380 312 471 371 reler:
494 314 635 390 Corytum
650 322 795 389 terrasque
808 315 934 393 requiret
1035 324 1093 381 170

103 394 257 453 Ausonios.
300 392 412 449 Dictaea
425 402 512 467 neget
525 392 576 451 tibi
590 392 704 468 Jupiter
717 411 792 451 arva

142 471 263 529 Talibus
278 470 413 529 attonitus
426 471 495 528 visis
509 491 542 528 sc
556 489 628 527 voce
642 471 761 528 deorum
966 498 969 503 ·

108 550 188 625 (Nec
204 568 289 626 sopor
302 549 374 606 illud
388 559 467 621 eret;
489 550 540 606 sed
555 546 652 607 corrim
667 568 822 623 agnoscere
835 551 943 628 vultus,

105 628 279 705 Velatasque
293 646 400 702 eomas,
415 627 624 704 praesentiaque
639 645 688 683 ors
701 627 837 687 videbar:

103 706 180 764 Tum
195 707 306 781 gelidus
321 715 380 763 toto
394 706 527 763 manabat
541 724 659 781 corpore
673 706 787 782 sudor),

104 785 237 861 Corripio
251 804 267 841 e
282 786 374 842 stratis
389 804 501 862 corpus,
516 785 660 859 tendoque
675 785 791 859 supinas

103 864 150 921 Ad
164 862 269 920 coelum
283 882 349 919 cum
365 882 437 920 voce
452 882 564 936 manus,
579 873 608 920 et
623 880 742 919 munere
754 861 813 919 libo

105 941 276 999 lntemersta
290 941 370 998 locis.
412 942 545 999 Perfecto
559 941 641 999 laetus
655 939 774 1015 honore,

103 1019 251 1077 Anchisen
267 1020 339 1076 lscio
354 1028 475 1096 certum,
490 1039 607 1096 remque
622 1019 721 1077 ordine
735 1019 839 1096 pando.

103 1100 232 1173 Agnovit
244 1098 353 1174 prolem
370 1098 532 1173 ambiguam
546 1098 733 1173 geminosque
747 1104 890 1173 parentes,

105 1176 201 1252 Seque
216 1196 291 1234 noro
304 1186 434 1234 veterum
450 1178 604 1254 deceptum
618 1195 712 1233 errore
726 1175 864 1233 locorum.

104 1253 184 1310 Turn
199 1264 354 1312 memorat:
376 1256 463 1330 Nate,
479 1256 575 1312 Iliacis
590 1253 804 1329 exercueritis,

106 1332 174 1390 Sols
190 1334 260 1390 milri
275 1334 346 1391 tales
360 1352 444 1391 casus
458 1334 620 1392 Cassandra
633 1333 763 1391 canebat

104 1411 194 1468 Nunc
210 1423 307 1488 repeto
321 1411 385 1469 brec
401 1414 498 1488 generi
513 1413 683 1505 portendere
698 1410 796 1468 debite
808 1417 916 1486 nostro,

105 1489 145 1548 Et
159 1488 236 1565 saepe
252 1491 434 1565 Hesperiam,
450 1510 527 1566 saepe
543 1489 615 1547 Itala
629 1508 725 1563 regna,
740 1508 852 1546 vocare.

106 1568 164 1624 Sed
178 1569 242 1643 quis
257 1570 291 1625 ad
307 1569 456 1643 Hesperiae
470 1578 604 1625 venturos
619 1567 712 1625 littora
726 1567 856 1625 Teucros

104 1646 265 1703 Crederet?
287 1654 335 1703 aut
350 1665 436 1722 quem
452 1656 512 1704 tum
526 1656 606 1704 vates
620 1646 782 1704 Cassandra
794 1649 949 1705 moveret?

104 1724 250 1782 Cedamus
263 1724 386 1816 Phoebo,
401 1735 430 1784 et
443 1726 544 1784 moniti
558 1725 677 1783 meliora
690 1743 852 1801 sequamur.

106 1802 154 1860 Sic
169 1803 225 1861 sit:
247 1815 275 1861 et
290 1813 387 1862 cuncti
402 1805 478 1863 dicto
492 1824 626 1881 paremus
639 1813 766 1865 ovantes.

106 1881 190 1939 Hanc
204 1902 320 1959 quoque
335 1884 494 1942 deserimus
509 1886 617 1958 sedem,
631 1884 788 1960 paucisque
802 1879 909 1939 relictis
1038 1891 1096 1944 lso

104 1957 180 2018 Vels
194 1962 305 2037 demus,
320 1973 490 2039 vastumque
504 1964 576 2019 cavi
590 1962 669 2019 trabe
684 1963 824 2033 currimus
839 1978 947 2034 sequor.

142 2038 404 2116 Postquam,nltum
418 2039 538 2097 tenuere
552 2048 636 2111 retes,
651 2058 705 2096 nec
715 2043 777 2115 jam
792 2035 915 2114 smpliris
929 2038 1003 2100 ulloe
1038 2078 1046 2090 ·

103 2118 255 2193 Apparent
269 2127 361 2191 terrae,
377 2117 481 2174 coelum
496 2118 633 2191 undique,
649 2124 677 2172 et
690 2115 817 2189 undique
831 2125 960 2192 pontus;

104 2193 182 2250 Tum
196 2196 268 2252 mihi
282 2195 421 2252 caemleus
435 2213 519 2269 supra
533 2200 619 2269 caput
632 2193 740 2251 adstitit
753 2192 854 2269 imber,

103 2270 231 2329 Noctem
246 2272 431 2347 hiememque
445 2272 559 2345 serens3
582 2280 612 2329 et
624 2271 766 2331 inhorruit
778 2273 858 2330 unda
870 2273 1014 2336 tenebris.
1036 2283 1096 2337 195

104 2348 251 2407 Continuo
265 2350 344 2407 venti
355 2350 475 2409 volvunt
489 2369 576 2425 mare,
592 2369 751 2427 magnaque
766 2360 888 2427 surgunt

102 2427 236 2504 AEquora
252 2447 258 2484 :
280 2427 402 2505 dispersi
413 2430 556 2507 jactamur
568 2429 679 2505 gurgite
693 2437 782 2487 vasto.

104 2505 258 2564 Involvere
272 2507 349 2565 diem
364 2509 464 2584 nimbi,
480 2516 509 2566 et
523 2528 581 2566 nox
595 2508 716 2568 humida
729 2507 834 2568 ooelum

102 2585 249 2644 Abstulit:
271 2587 451 2663 ingeminant
464 2589 590 2666 abruptis
604 2587 730 2647 nubibus
743 2588 833 2664 ignes.
916 2606 930 2623 ‘

103 2664 278 2723 Excutimur
291 2685 386 2743 cursu,
402 2678 431 2728 et
444 2670 529 2729 caecis
544 2688 669 2727 erramus
683 2669 713 2727 in
727 2666 820 2726 undis.
973 2737 978 2745 ¹
1034 2676 1096 2731 200

104 2742 119 2800 Ι
140 2762 172 2802 se
186 2744 264 2802 diem
279 2758 452 2825 noctemque
467 2756 554 2824 neget
567 2749 730 2805 discernere
745 2745 829 2819 coelo,

136 2841 170 2881 ee
184 2826 350 2883 meminisse
364 2827 420 2883 viae
435 2828 531 2884 medii
545 2825 699 2883 Palinurus
713 2825 742 2881 in
757 2823 862 2881 undis..
947 2858 950 2865 ·

104 2901 178 2960 Tres
192 2900 265 2959 adeo
279 2904 402 2961 incertos
416 2904 495 2960 caeci
509 2902 632 2975 caligine
646 2901 721 2958 soles

104 2980 244 3038 Erramus
254 2981 369 3056 pelago,
385 2981 504 3038 totidem
518 2980 580 3037 sine
595 2979 811 3059 sidere-noctes.

106 3059 216 3130 Quarto
230 3067 305 3117 terra
317 3059 364 3116 die
377 3054 502 3136 primum
517 3076 548 3114 se
562 3058 690 3115 attollere
705 3059 821 3117 tandem
1033 3067 1096 3123 205

105 3137 188 3215 Visa,
202 3137 311 3216 aperire
324 3136 425 3214 procul
439 3145 562 3210 montes,
578 3156 610 3193 ae
624 3137 740 3196 volvere
754 3137 875 3195 sumum.

105 3216 182 3277 Vela
195 3218 320 3290 osdunt;
341 3216 427 3273 remis
441 3215 632 3290 insurgimus:
655 3215 732 3274 haud
746 3235 834 3291 mors,
848 3219 947 3273 naute

106 3298 216 3357 Adnisi
229 3302 361 3372 torquent
375 3314 501 3371 spumas,
515 3303 544 3352 et
557 3293 663 3351 crerula
675 3300 801 3352 verrunt.

146 3378 297 3437 Servatum
311 3393 348 3432 ex
362 3373 447 3431 undis
463 3372 656 3449 Strophadum
670 3392 717 3429 me
731 3372 825 3429 littore
838 3368 966 3448 primhm
1007 3368 1011 3374 ’
1102 3426 1104 3431 ⁴

107 3456 271 3535 Accipiunt.
314 3452 490 3529 Strophades
505 3451 592 3509 Graio
607 3458 683 3508 stant
696 3450 812 3526 nomine
827 3450 912 3510 diotre
1034 3458 1099 3518 21⁰

109 3536 216 3597 lnsulae
230 3532 312 3594 Ionio
326 3532 356 3590 in
370 3550 485 3607 magno,
500 3549 570 3606 quas
585 3529 646 3587 dira
659 3529 788 3605 Celaeno,

108 3614 303 3695 Harpyireque
318 3610 415 3670 colunt
428 3609 502 3684 aliae,
516 3609 641 3666 Phineia
653 3616 804 3685 postquam
819 3607 823 3613 ’

109 3696 216 3757 Clauss
228 3695 338 3768 domus,
353 3706 524 3766 mensasque
539 3695 619 3745 metu
633 3685 742 3764 liquere
756 3688 873 3766 priores.
