2400 4178
456 249 462 260 ,
507 196 678 255 11111111,
983 185 1006 191 ”
1043 194 1096 262 roo

111 344 189 408 Cum
202 346 321 406 stabulis
333 356 466 406 armenta·
476 348 570 406 trahit.
612 348 682 406 Vidi
696 348 759 426 ipse
773 350 915 410 furentem

112 426 203 486 Caede
216 426 454 502 Neoptolemum,
468 427 658 503 geminosque
672 427 702 484 in
716 427 816 487 limine
829 431 964 490 Atridas:
1033 437 1092 492 500

111 504 183 562 Vidi
197 505 360 580 Hecubam,
374 512 547 582 centumque
562 524 662 580 nurus,
674 504 880 585 Priamumque
893 528 946 587 per
959 514 1024 570 aras

113 584 260 658 Sanguine
273 583 439 659 foedantem,
453 603 530 661 quos,
538 585 601 660 ipse
615 592 783 662 sacraverat,
798 587 890 663 ignes.

112 661 332 739 Quinquaginta
344 661 387 720 illi
400 662 528 739 thalami,
544 681 609 739 spes
623 670 702 724 tanta
714 673 863 756 nepotum,

110 740 266 798 Barbarico
278 748 376 818 postes
390 756 458 799 auro
472 742 629 819 spoliisque
643 741 759 819 superbi

110 817 314 877 Procubudre:
337 827 437 878 tenent
450 821 546 878 Danai
560 820 617 897 qud
631 820 731 878 deficit
743 821 828 898 ignis.
1034 828 1093 884 505

148 898 281 958 Forsitan
296 905 326 956 et
338 896 447 956 Pria'mi
460 898 568 956 fuerint
580 918 645 974 quae
659 898 717 957 sata
730 901 867 978 requiras.

110 976 198 1035 Urbis
212 972 253 1034 uti
268 985 360 1054 captae
375 995 483 1051 casum,
498 976 694 1053 convulsaque
708 977 796 1036 vidit·
882 1007 885 1012 ·

109 1054 225 1111 Limina
238 1063 389 1130 tectorum,
405 1063 434 1112 et
447 1053 575 1112 medium
588 1055 619 1112 in
632 1055 827 1131 penetralibus
842 1057 966 1134 hostem,

109 1135 200 1189 Arma
213 1133 263 1189 diu
277 1134 373 1190 senior
386 1134 507 1191 desueta
520 1133 707 1191 trementibus
721 1152 784 1192 aevo

108 1210 278 1268 Circumdat
291 1210 487 1288 nequidquam
501 1209 638 1286 humeris,
652 1208 682 1269 et
694 1211 797 1271 inutile
811 1214 916 1274 ferrum
1034 1218 1092 1274 510

108 1289 253 1364 Cingitur,
269 1307 302 1347 ac
316 1289 422 1347 densos
435 1289 524 1346 fertur
537 1289 690 1347 moriturus
703 1289 734 1347 in
747 1290 858 1366 hostes,
925 1300 928 1307 '

149 1366 276 1425 AEdibus
290 1367 320 1425 in
334 1367 448 1443 mediis,
463 1368 598 1444 nudoque
613 1367 666 1426 sub
680 1368 794 1427 retheris
805 1389 869 1447 axe,

109 1445 216 1523 Ingens
231 1465 279 1504 ara
290 1445 363 1519 luit,
382 1443 525 1523 juxtaque
538 1446 691 1505 veterrima
704 1447 799 1505 laurus

108 1524 286 1595 Incumbens
298 1534 463 1602 arae,·atque
477 1524 579 1583 umbris
592 1525 903 1602 complexa'Penates:
1007 1561 1008 1565 =

108 1601 168 1660 Hic
182 1603 310 1660 Hecuba
322 1611 352 1662 et
365 1611 439 1668 natae
450 1604 645 1681 nequidquam
659 1603 758 1663 altaria
772 1605 891 1681 cir'cum,
981 1625 984 1630 ·
1032 1609 1091 1665 515

108 1681 204 1738 Praeci
225 1683 280 1739 ites
294 1683 354 1739 atra
368 1701 422 1739 ceu
435 1685 607 1758 tempestate
621 1682 773 1758 columbae,

108 1701 283 1835 Condbbsae,
298 1768 328 1817 et
340 1759 439 1818 divdm
453 1760 594 1837 amplexae
609 1761 770 1836 simulacra,
784 1760 933 1821 sedebant.

109 1836 210 1914 Ipsum
225 1847 320 1897 autem
335 1839 456 1916 sumptis
469 1839 617 1897 Priamum
627 1839 811 1915 juvenalibus
826 1840 912 1905 armis
961 1866 964 1871 ·

108 1915 151 1975 Ut
164 1917 254 1975 vidit:
278 1917 352 1989 Quae
366 1936 449 1975 meus
462 1925 521 1976 tam
536 1917 613 1992 dira,
622 1917 780 1974 miserrime
793 1919 910 1996 conjux,

109 1992 230 2072 Impulit
242 1995 287 2054 his
302 1995 379 2072 cingi
392 1995 477 2054 telis?
500 2004 549 2054 aut
562 1992 618 2073 qud
632 1995 714 2054 ruis?
734 1995 837 2073 iuquit.
1033 2001 1091 2056 520

107 2073 139 2132 N
140 2093 177 2131 on
191 2074 241 2132 tali
255 2074 362 2133 auxilio
376 2093 432 2133 nec
446 2074 644 2148 defensoribus
658 2074 720 2133 istis

108 2151 238 2229 Tempus
252 2162 337 2231 eget;
359 2173 428 2229 nou,
442 2153 468 2212 si
482 2154 545 2231 ipse
559 2173 642 2212 meus
655 2172 733 2233 nunc
748 2152 849 2213 afforet
862 2151 982 2213 Hector.

108 2231 176 2289 Huc
190 2232 307 2291 tandem
322 2233 469 2291 concede:
490 2233 555 2291 haec
570 2252 618 2290 ara
631 2233 758 2291 tuebitur
767 2251 879 2310 omues,
898 2300 899 2303 Ἴ
924 2294 927 2298 ,

88 2350 92 2357 -
106 2312 166 2372 Aut
180 2309 301 2370 moriere
316 2312 410 2370 simul.
455 2311 503 2370 Sic
517 2331 566 2370 ore
580 2310 676 2387 effata,
691 2309 801 2388 recepit

107 2388 154 2445 Ad
169 2408 242 2465 sese,
249 2400 287 2449 ‘et
300 2391 381 2448 sacrat
395 2390 559 2465 longaevum
573 2391 603 2448 in
617 2391 687 2449 sede
700 2388 816 2448 locavit.
1031 2393 1089 2465 525

148 2467 228 2525 Ecce
242 2476 348 2543 autem,
364 2469 478 2545 elapsus
492 2468 596 2545 Pyrrhi
610 2470 648 2527 de
665 2468 756 2543 caede,
771 2466 892 2542 Polites,

108 2544 193 2603 Unus
207 2552 338 2602 natorum
351 2545 470 2618 Priami,
484 2565 536 2622 per
548 2545 615 2619 tela,
630 2565 684 2623 per
696 2546 804 2620 hostes,

107 2622 270 2681 Porticibus
283 2623 377 2698 longis
390 2621 472 2696 fugit,
487 2630 516 2679 et
528 2641 620 2679 vacua
632 2624 703 2681 atria
715 2624 816 2681 lustrat

109 2701 250 2759 Saucius:
271 2701 355 2759 illum
370 2699 472 2758 ardens
486 2700 590 2758 infesto
604 2700 723 2759 vulnero
738 2698 867 2776 Pyrrhus

82 2806 86 2828 τ
109 2780 282 2856 Insequitur,
294 2781 356 2858 jam
365 2781 486 2858 jamque
500 2797 587 2836 manu
601 2786 689 2854 tenet,
704 2787 734 2838 et
746 2777 853 2856 premit
865 2775 958 2838 hasti.
1032 2781 1090 2837 530

108 2859 151 2919 Ut
164 2859 281 2918 taudem
296 2866 361 2918 ante
376 2857 474 2916 oculos
488 2857 580 2916 evasit
593 2865 623 2916 et
636 2877 686 2916 ora
697 2855 859 2936 parentium,

108 2938 253 3015 Concidit,
268 2957 301 2997 ac
315 2937 406 2996 multo
419 2937 508 2997 vitam
522 2956 588 2995 cum
602 2937 741 3013 sauguine
754 2935 836 3000 fudit.

107 3016 168 3076 Hic
181 3017 323 3093 Priamus,
337 3036 501 3095 quanquam
514 3016 545 3074 in
559 3016 658 3075 medid-
663 3018 726 3094 jam
739 3022 831 3074 morte
844 3021 970 3093 tenetur,

108 3096 178 3155 Non
191 3105 288 3156 tamen
302 3095 449 3172 abstinuit,
463 3114 519 3154 nec
533 3095 599 3153 voci
613 3095 721 3172 iraeque
733 3093 881 3172 pepercit:

107 3177 149 3233 At
161 3176 215 3234 tibi
227 3195 278 3254 pro
292 3175 411 3250 scelere,
426 3174 580 3250 exclhmat,
594 3192 645 3251 pro
658 3172 763 3232 talibus
777 3173 862 3250 ausis,
1029 3172 1090 3262 535
1194 3179 1197 3183 ⁴

108 3252 149 3312 Di
168 3254 207 3331 (si
221 3262 334 3331 quaest
346 3253 420 3330 cralo
433 3253 527 3331 pietas
541 3271 606 3330 quae
620 3252 689 3311 talia
701 3251 799 3331 curet)

108 3332 279 3404 Persolvant
292 3340 386 3409 grates
399 3332 511 3408 dignas,
526 3340 555 3391 et
567 3332 687 3410 praemia
698 3330 821 3391 reddant

108 3410 227 3487 Debita,
237 3411 291 3489 qui
303 3410 364 3469 nati
376 3412 474 3470 c'oram
488 3429 535 3469 me
549 3430 666 3492 cernere
679 3409 771 3469 letum

108 3489 228 3566 Fecisti,
242 3498 273 3549 et
284 3489 392 3567 patrios
405 3488 520 3559 foedhsti
533 3490 632 3549 sunere
646 3489 760 3550 vultus!
866 3559 869 3562 g
894 3540 902 3545 .

107 3570 150 3628 At
162 3588 220 3628 uon
233 3568 294 3644 ille,
308 3567 401 3628 satum
416 3587 472 3644 quo
486 3576 515 3627 te
529 3568 669 3644 mentiris,
683 3565 814 3626 Achilles
1031 3564 1090 3623 540

107 3648 192 3708 Talis
205 3649 236 3708 in
249 3647 333 3707 hoste
342 3647 398 3707 suit
410 3646 544 3721 Priam03
566 3647 617 3716 sed
626 3645 852 3727 jura-fidemque
