2400 4178
463 191 470 204 '
496 193 612 254 LIBER
629 193 696 249 VII.

108 343 184 401 Cum
198 342 269 402 vitu
283 342 394 402 crines:
416 348 477 404 tum
490 361 601 404 ramum
614 342 735 405 innectit
747 341 839 402 olivae.
883 385 885 390 -

64 457 71 470 ·
108 422 157 479 Fit
170 421 290 499 Calybe,
303 421 509 484 Junonisanus
522 421 680 498 templique
694 421 827 481 sacerdos
840 441 848 479 :
888 455 894 464 ι

108 500 149 558 Et
157 500 260 577 juveni
274 509 340 560 ante
353 499 454 560 oculos
466 500 511 558 his
525 519 556 558 se
570 519 636 559 cum
648 500 767 559 vocibus
781 499 885 563 offert:
1023 505 1082 562 420

148 579 255 655 Turne,
270 587 312 638 tot
324 579 467 639 incassum
480 577 681 657 fusos‘patidre
695 577 816 654 lab'ores,

77 707 84 722 .
109 657 149 717 Et
162 665 210 716 tuo
224 659 376 716 Dardaniis
389 657 538 718 transcribi
552 666 663 736 sceptra
676 658 808 717 colonis?

109 736 176 794 Rex
189 737 240 795 tibi
255 738 420 815 conjugium
433 745 462 795 et
475 737 607 814 quesitas
620 736 760 813 'sanguine
774 737 855 797 dotes

108 815 250 892 Abnegat,
265 824 457 908 externusque
470 815 500 873 in
508 835 633 907 regnum
647 816 780 892 quaeritur
792 815 893 878 heres.

110 894 224 968 Inunc,
239 896 355 970 ingratis
368 895 441 952 offer
454 902 491 968 te,
507 894 596 968 irrisa,
610 894 743 970 periclis·
907 935 910 940 ι
1024 896 1082 953 425

109 973 304 1068 Tyrrhenas,
296 994 316 1049 ι,
329 982 423 1033 sterne
438 972 532 1044 acies·
554 980 619 1047 tege
632 991 704 1050 pace
718 972 844 1030 Latinos.

110 1053 181 1109 Haec
197 1044 268 1109 'oded
283 1052 334 1109 tibi
349 1071 404 1127 me,
419 1050 531 1129 placidi
544 1070 634 1127 quum
648 1051 755 1108 nocte
742 1069 865 1127 jaceres,

111 1130 177 1205 Ipsa
190 1131 284 1206 palam
298 1131 350 1188 sari
364 1131 544 1208 omnipotens
560 1130 693 1187 Saturnia
701 1128 796 1206 jussit.

111 1209 208 1279 Quare
223 1228 285 1285 age,
301 1217 330 1266 et
343 1228 445 1266 armam
436 1208 576 1286 pubem,
589 1209 735 1285 portisque
750 1208 868 1284 moveri,
955 1250 958 1257 ,

111 1288 227 1345 Laetus'
220 1307 249 1345 ln
264 1306 340 1345 arma
353 1306 437 1364 para,
459 1296 488 1345 et
501 1286 651 1363 Phrygios,
666 1306 714 1362 qm
706 1286 845 1345 flumine
858 1250 979 1364 pulchro
1025 1287 1084 1342 430
1125 1342 1127 1350 ,

111 1365 285 1442 Concedite,
301 1368 399 1441 duces,
414 1366 561 1444 pictasque
576 1385 665 1423 exure
677 1366 796 1422 carinus.

111 1445 309 1503 Coelestirm'
282 1466 325 1503 vrs
339 1465 443 1536 magna
451 1445 544 1523 jubet.
585 1444 674 1502 Rex
667 1463 728 1521 rpse
742 1444 911 1521 Latinus,

110 1525 151 1583 Ni
166 1526 232 1581 dare
247 1525 421 1604 conjugium,
436 1533 465 1582 et
479 1525 556 1582 dicto
568 1542 668 1599 parere
681 1523 793 1598 fatetur,

112 1604 230 1678 Sentiat,
245 1613 274 1661 et
286 1605 402 1662 tandem
416 1603 548 1661 Turnum
562 1603 725 1695 experiatur
738 1602 768 1660 in
783 1601 875 1658 armis.

151 1680 232 1738 Hic
220 1683 345 1758 Juvenis,
360 1689 455 1739 vatem
469 1682 653 1756 irridens,'s1c
667 1701 731 1739 orsa
743 1680 870 1740 vicissim
1026 1680 1086 1734 435

112 1760 170 1817 Ore
184 1761 285 1818 refert:
308 1756 440 1819 Classes
433 1768 561 1818 invectas
575 1760 711 1835 Tybridis
725 1742 831 1817 undam
875 1783 878 1789 ·

31 1835 33 1839 ’
111 1839 141 1896 N
143 1859 189 1913 on,
204 1847 237 1896 ut
250 1858 320 1914 rere,
336 1858 414 1896 meas
428 1838 530 1914 effugit
543 1839 660 1896 nuntius
674 1857 774 1911 aurea,
829 1885 832 1893 .

111 1918 142 1975 N
143 1937 159 1974 e
173 1926 265 1975 tantos
279 1918 350 1976 mihi
364 1917 441 1993 finge
454 1925 566 1975 metus.
588 1936 642 1975 nec
656 1918 733 1992 regia
745 1916 822 1974 Juno

112 1997 269 2055 Immemor
282 2004 325 2055 est
338 1997 434 2055 nostri.

113 2077 170 2134 Sed
185 2084 213 2134 te
227 2077 304 2134 victa
318 2076 373 2134 situ
386 2075 504 2152 verique
520 2073 617 2152 effoeta
629 2083 770 2149 senectuS,

54 2155 56 2160 ’
113 2156 137 2213 0
153 2163 250 2231 mater,
266 2155 341 2214 curis
354 2155 550 2233 nequidquam
565 2163 689 2229 exercet,
705 2162 734 2211 et
748 2173 826 2211 arma

111 2235 226 2311 Regum
240 2236 314 2293 inter
326 2235 397 2292 falsi
410 2242 506 2293 vatem
520 2233 672 2295 formidine
686 2233 770 2290 ludit·

113 2314 190 2370 Cura
202 2313 263 2386 tibi,
278 2313 377 2371 divirm
392 2314 501 2389 effigies
516 2321 545 2371 et
557 2313 664 2389 templa
677 2313 768 2371 tueri:

113 2392 196 2448 Bella
208 2392 261 2448 viri
275 2410 433 2468 pacemque
446 2399 555 2468 gerent,
570 2392 652 2468 queis
664 2392 741 2449 bella
753 2390 888 2467 gerenda.

152 2469 271 2526 Talibus
285 2469 398 2527 Allecto
412 2471 495 2527 dictis
511 2471 616 2528 exarsit
629 2471 659 2527 in
672 2471 736 2527 iras.
1029 2469 1088 2522 445

115 2551 153 2604 At
162 2547 264 2624 juveni
278 2547 368 2603 oranti
383 2547 493 2604 subitus
507 2556 611 2605 tremor
625 2556 746 2624 occupat
758 2555 854 2618 artus;

113 2622 265 2700 Dirigubre
279 2624 374 2681 oculi:
397 2632 439 2682 tot
452 2625 578 2699 Erinnys
592 2625 686 2683 sibilat
699 2625 807 2700 hydris,
988 2684 993 2699 ,

114 2705 264 2779 Tantaque
278 2722 308 2761 se
322 2702 409 2761 facies
423 2703 523 2779 aperit
564 2703 640 2760 Tum
655 2703 789 2762 flammea
801 2711 937 2777 torquens

115 2783 247 2858 Lumina,
263 2791 454 2875 cunctantem,
469 2789 499 2838 et
511 2789 689 2874 quaerentem
705 2782 802 2839 dicere
815 2779 906 2857 pluro,
1156 2843 1164 2859 s

113 2863 242 2939 Repulit,
258 2871 286 2920 et
300 2861 429 2938 geminos
444 2861 536 2919 erexit
548 2860 674 2919 crinibus
688 2878 806 2935 ungues,
1030 2860 1090 2913 450

115 2942 299 3018 Verberaque
312 2941 447 3015 insonuit,
462 2940 618 3032 rabidoque
627 2941 694 2998 haec
708 2938 817 2999 addidit
829 2956 897 2995 ore:

115 3023 161 3079 En
177 3040 230 3097 ego
244 3021 320 3079 victa
334 3020 399 3095 situ,
414 3039 508 3096 quam
513 3038 574 3077 ven
566 3019 684 3078 effoeta
697 3026 832 3078 senectus

114 3103 203 3159 Arma
215 3101 289 3158 inter
302 3115 403 3176 regum
418 3099 489 3157 salsi
502 3097 653 3157 formidine
667 3098 749 3156 ludit.

115 3179 240 3255 Respice
255 3178 381 3237 adhaec:
404 3179 506 3238 adsum
520 3178 643 3236 dirarum
659 3177 694 3235 ab
708 3177 777 3235 sede
790 3195 938 3273 sororum:

117 3258 199 3316 Bella
212 3277 297 3315 manu
309 3258 458 3353 letumque
472 3276 807 3350 gero..
1031 3258 1090 3314 455

119 3337 166 3396 Sic
180 3335 264 3393 effata
277 3335 390 3395 facem
378 3336 480 3414 juveni
494 3335 629 3418 conjecit,
644 3343 673 3394 et
686 3344 782 3394 atro
1014 3333 1019 3343 '

118 3415 241 3473 Lumine
254 3413 395 3473 fumantes
409 3415 472 3473 fixit
484 3410 537 3473 sub
550 3422 666 3492 pectore
680 3414 777 3473 taedas.

158 3493 215 3551 Olli
230 3512 362 3551 somnum
374 3494 477 3569 ingens
489 3494 594 3571 rumpit
606 3507 713 3570 p'avor
735 3509 855 3568 ossaque
869 3497 897 3550 et
910 3497 986 3549 artus

119 3572 339 3631 Perfundittoto
353 3579 505 3649 proruptus
518 3591 637 3648 corpore
650 3572 744 3629 sudor.
983 3640 990 3654 ⁸
1077 3602 1079 3608 ·

118 3655 208 3714 Arma
221 3669 319 3708 amens
332 3651 445 3723 fremit,
466 3668 544 3708 ιιιιιι
556 3661 616 3708 toro
630 3650 770 3726 tectisqu‘e
783 3647 907 3724 requirit.
1031 3651 1091 3708 460

121 3731 209 3790 Saevit
221 3749 300 3787 amor
312 3729 386 3805 ferri,
401 3738 430 3788 et
443 3727 599 3787 scelerata
591 3728 703 3786 insania
714 3726 793 3802 belli,

121 3810 168 3869 Ira
179 3806 274 3887 supdr.
315 3808 425 3888 Magno
437 3805 527 3866 veluti
540 3825 628 3883 quum
642 3806 756 3864 flamma
768 3822 872 3866 sonore
