2400 4178
112 202 165 261 tto
515 192 697 253 sumbus

112 351 228 409 Interea
241 349 353 409 AEness
365 345 468 405 urbem
482 345 615 420 designat
628 352 739 417 παίω
1042 350 1107 406 '755

20 470 30 485 .
113 430 293 505 Sortiturque
306 429 426 498 domos3
448 424 504 482 hoc
518 423 616 499 Ilium,
630 430 660 480 et
672 421 737 481 hec
751 422 816 481 loca
828 420 958 501 Trajan,

112 507 187 564 Esse
197 507 289 598 jubet
333 504 449 563 Gaudet
461 521 551 579 regno
564 502 708 580 Trojanus
721 503 856 577 Acestes,

113 585 276 661 lrrdicrtque
290 585 392 658 forum,
407 590 437 640 et
448 580 577 660 patribus
589 580 639 640 dat
647 582 714 658 jurs
726 580 846 639 voeatis.

111 665 189 721 Tum
203 664 300 721 uicina
313 661 395 720 astris
408 660 436 718 E
463 660 537 717 cino
551 660 582 717 in
595 658 704 718 vertice
717 658 802 717 sedes
913 700 916 707 .

111 742 262 799 Fundetur
275 740 386 798 Veneri
402 680 520 810 ldiiim
542 736 711 813 tumuloque
725 734 859 795 sacerdos

111 824 160 877 Ac·
170 820 255 877 lucus
269 816 325 877 latu
341 837 422 876 sacer
436 816 549 875 additur
561 815 719 874 Anchiseo.
731 822 737 833 '

148 898 272 974 Jamque
287 898 349 954 dics
363 896 478 974 epulata
490 913 596 953 novem
610 911 682 969 gens
695 891 799 969 omnis,
813 893 912 952 eteris

78 983 92 1013 ⁹
111 976 219 1033 Factus
233 974 345 1033 honos:
367 973 474 1051 placidi
488 974 650 1031 straverunt
663 990 779 1048 aequora
791 972 881 1047 venti,

110 1054 220 1111 Creber
234 1061 263 1112 et
276 1053 424 1130 adspirans
438 1070 535 1111 rursus
548 1059 633 1110 vocat
646 1048 795 1109 Austerin
810 1050 909 1109 altum

111 1132 249 1189 Exoritur
261 1131 516 1210 procurva-ingens
529 1148 582 1207 per
594 1129 688 1186 littora
700 1129 786 1209 tletus
797 1147 820 1184 :-

110 1210 265 1286 Complexi
279 1211 353 1267 inter
366 1228 397 1268 se
412 1217 584 1285 noctemque
598 1206 734 1284 diemque
748 1215 902 1265 morantur.

112 1289 185 1363 lgrsrc
196 1291 258 1366 jam
272 1296 387 1362 matres,
402 1288 457 1364 ipsi
471 1286 576 1365 quibus
589 1304 690 1363 aspera
702 1285 849 1364 quondam

110 1366 182 1423 lisa
196 1368 281 1425 maris
295 1366 393 1444 sscien,
408 1375 437 1427 et
450 1385 508 1425 non
522 1364 670 1424 tolerabile
683 1382 803 1438 numen,

112 1445 157 1501 lrc
167 1446 279 1520 vvolunt,
295 1454 469 1522 omnemque
482 1444 558 1519 suge
610 1443 697 1501 rt'erre
710 1440 847 1500 laborem.

111 1525 192 1592 Quos
207 1523 300 1581 bonus
314 1525 425 1586 AEness
440 1522 523 1581 dictis
537 1540 568 1579 so
581 1528 643 1578 atur
656 1519 766 1595 amicis,

110 1600 150 1656 lit
164 1602 377 1676 consanguineo
391 1600 551 1676 lacrymans
566 1598 750 1663 commendat
763 1599 888 1657 Acesta.
1002 1620 1005 1625 ’

110 1678 183 1734 'l'rcs
200 1679 287 1754 Eryci
301 1677 416 1752 vitulos,
430 1687 460 1736 et
473 1676 708 1755 Tempestatibus
722 1695 836 1752 agnam,

110 1758 231 1814 t‘uulcrc
246 1758 351 1814 deinde
361 1755 457 1834 jubet,
471 1755 601 1833 solvique
615 1774 653 1813 ex
667 1755 768 1814 ordine
782 1755 890 1813 sunem.

111 1835 123 1889 l
126 1855 187 1909 pse,
203 1844 289 1911 caput
299 1845 389 1894 tonsae
403 1835 479 1893 loliis
493 1835 624 1893 evinctus
638 1830 732 1910 olives,

111 1916 196 1970 Stans
208 1914 307 1990 procul
321 1914 351 1971 in
365 1915 459 1992 prora,
473 1923 602 1992 pateram
615 1922 705 1988 tenet,
719 1920 844 1991 extaque
858 1911 948 1975 salsos

109 1991 230 2050 Porricit
244 1993 273 2049 in
287 1993 401 2067 fluctus,
416 2012 449 2050 ac
463 1994 531 2050 vina
544 1992 683 2070 liquentis
695 1992 797 2049 tundit

109 2069 297 2144 Prosequitur
310 2089 429 2146 surgens
444 2090 461 2127 a
473 2071 564 2147 puppi
578 2079 681 2128 ventus
695 2080 815 2127 euntes:

109 2148 249 2205 Certatim
263 2149 335 2207 socii
349 2148 455 2205 feriunt
469 2166 557 2221 mare,
572 2156 601 2204 et
614 2166 730 2223 aequora
742 2156 869 2205 verrunt.

148 2228 186 2283 At
201 2225 302 2282 Venus
317 2225 426 2283 interea
439 2225 620 2301 Neptunum,
636 2225 763 2282 exercita
776 2226 861 2301 euris,

108 2302 281 2377 Alloquitur,
297 2303 425 2378 talesque
439 2302 564 2361 effundit
576 2312 693 2381 pectore
707 2311 845 2380 questus:

107 2380 228 2436 lunonis
242 2380 336 2456 gravis
349 2381 400 2456 ira,
415 2400 469 2439 nec
484 2381 676 2439 exsaturabile
689 2391 802 2460 pectus,

109 2458 224 2533 Cogunt
238 2479 294 2534 me,
309 2459 460 2539 Neptune,
473 2479 575 2536 preces
589 2461 765 2520 descendere
779 2461 810 2518 in
824 2478 944 2519 omues:

110 2537 205 2605 Quam
220 2557 274 2596 nec
289 2539 375 2614 longa
389 2539 459 2614 dies,
474 2540 566 2616 pietas
581 2559 636 2599 nec
649 2539 761 2619 mitigat
773 2540 851 2613 ulla3

108 2615 173 2674 Nec
188 2617 204 2673 J
207 2617 268 2674 ovis
282 2618 402 2695 imperio
416 2618 517 2679 satisve
531 2617 653 2679 infracta
665 2619 797 2697 quiescit

108 2695 176 2752 Non
192 2697 287 2754 mediis
301 2698 337 2755 de
352 2707 438 2794 gente
452 2698 601 2777 Phrygum
615 2700 749 2758 exedisse
763 2696 894 2757 nefandis

108 2774 218 2832 Urbem
233 2776 307 2834 odiis
321 2785 389 2835 satrs
403 2786 456 2853 est,
471 2797 526 2837 nec
540 2797 655 2854 poenam
668 2786 749 2836 traxe
762 2793 943 2855 peromnem

107 2853 277 2930 Reliquias;
299 2857 396 2933 Trojae
411 2856 524 2914 cineres
538 2865 624 2931 atque
638 2874 703 2913 ossa
716 2863 874 2933 peremptae

109 2932 290 3006 Insequitur:
313 2952 414 2990 causas
427 2934 499 2991 tanti
513 2933 586 2991 sciat
599 2932 648 2991 illa
661 2933 773 2990 luroris.
877 2932 882 2941 ’

109 3010 174 3083 lpse
189 3010 260 3066 mibi
274 3028 365 3085 nuper
378 3010 496 3086 Libycis
507 3020 536 3070 tu
552 3011 633 3069 testis
646 3013 676 3069 in
690 3011 775 3069 undis

108 3088 203 3156 Quam
219 3086 325 3144 molem
339 3084 433 3146 subito
449 3089 588 3148 excierit:
611 3090 700 3147 maria
713 3089 811 3147 omnis
825 3089 899 3153 coelo
1031 3093 1095 3149 '190

107 3165 236 3239 Miscuit,
251 3165 358 3222 AEoliis
371 3166 568 3242 nequidquam
581 3168 654 3226 srets
666 3167 818 3244 procellis:

107 3244 141 3301 In
156 3245 251 3320 regnis
265 3244 321 3301 hoc
336 3263 405 3301 susa
417 3243 483 3302 tuis.

105 3321 163 3380 Per
177 3323 271 3380 scelus
285 3341 353 3380 ecce
367 3323 454 3383 etiam
469 3320 604 3381 Tro'anis
618 3323 755 3382 matribus
770 3325 840 3388 actis

105 3401 227 3460 Exussit
239 3398 315 3460 fode
329 3421 452 3480 puppes,
467 3408 496 3459 et
510 3343 601 3459 ebrae
615 3402 729 3478 subegit

105 3480 221 3538 Amissi
235 3481 328 3539 socios
342 3483 447 3559 ignotae
461 3481 592 3559 linquere
606 3489 697 3540 terrae.
1031 3485 1096 3547 796

106 3550 194 3627 Quod
208 3569 348 3638 superest,
363 3581 423 3637 oro,
437 3561 524 3620 liceat
537 3561 604 3618 dare
618 3567 680 3618 tuta
692 3579 745 3638 per
758 3560 851 3618 undas

104 3635 181 3694 Vela
194 3637 265 3711 tibi;
287 3639 373 3703 liceat
385 3641 560 3703 Laurentem
575 3639 714 3717 attingere
728 3637 849 3717 Tybrim
863 3657 872 3713 ς

106 3713 138 3774 Si
152 3733 289 3775 concessa
302 3728 379 3797 peto,
394 3719 419 3778 si
433 3719 502 3777 dant
516 3737 551 3776 ea
564 3718 672 3777 moenis
684 3718 793 3781 Parce.
