2400 4178
103 222 160 279 Μ
511 217 694 276 AENEIDOS

104 373 274 445 Assuescat,
288 369 389 463 primis
403 376 433 427 et
446 378 474 427 te
489 370 608 427 miretur
621 368 657 428 ab
671 367 763 426 annis.

105 450 234 508 Arcadas
247 449 316 507 burc
332 448 444 525 equites
458 447 502 505 bis
516 459 644 522 centum,
657 445 760 504 robore
772 444 857 524 pubis

106 528 207 601 Lecta,
222 527 296 585 dabo
307 545 316 599 3
338 527 514 601 totidemque
527 543 580 583 suo
594 525 646 584 tibi
659 524 777 583 nomine
790 523 897 583 Pallas.

145 606 205 663 vix
221 604 342 663 casatus
357 614 426 678 erat,
441 604 587 679 defixique
601 622 652 662 ora
663 602 802 661 tenebant
1043 612 1106 666 520

105 682 214 741 AEneas
228 681 421 741 Anchisiades
436 689 465 739 et
478 681 554 739 fidus
567 681 705 757 Achates,

105 760 257 836 Multaque
271 761 342 817 dura
355 780 408 817 suo
422 760 493 818 tristi
508 778 575 817 cum
590 760 676 817 corde
689 758 850 837 putabant;

105 837 146 897 Ni
160 839 274 913 signum
289 839 362 896 coelo
377 838 524 914 Cytherea
537 838 664 897 dedisset
677 845 783 914 aperto.

104 917 240 992 Namque
254 914 411 994 improvisi)
426 917 552 974 vibratus
567 915 602 973 ab
617 912 724 975 ethere
739 915 833 991 fulgor

105 994 181 1053 Cum
195 996 290 1053 sonitu
305 996 394 1069 venit,
409 1003 438 1054 ct
452 1014 533 1052 ruere
548 996 646 1052 omnia
658 995 720 1052 visa
733 1014 764 1053 re
785 990 863 1068 ente,
1040 1002 1101 1056 525

104 1072 329 1150 Tyrrhenusque
344 1073 421 1132 tubae
436 1074 547 1149 mugire
561 1092 613 1149 per
626 1072 734 1131 {ethera
775 1091 872 1147 angor.

106 1151 290 1228 Suspiciunt:
313 1152 415 1209 iterum
430 1161 516 1228 atque
530 1152 633 1209 iterum
646 1152 740 1227 fragor
750 1152 883 1233 increpat
895 1151 1016 1228 ingens·

105 1232 195 1288 Arma
208 1232 282 1289 inter
295 1230 412 1305 nubem,
426 1230 492 1287 coeli
507 1231 535 1288 in
550 1230 667 1306 regione
681 1230 793 1305 sereni,

105 1309 163 1366 Per
176 1310 279 1366 sudum
294 1308 408 1366 rutilare
422 1309 531 1384 vident,
546 1317 576 1368 et
588 1309 671 1385 pulsa
684 1318 792 1367 tonare.

106 1386 289 1464 Obstupudre
305 1387 408 1444 auimis
423 1387 490 1461 alii3
512 1389 563 1445 sed
577 1388 684 1445 Troius
698 1387 784 1445 heros
1041 1396 1101 1451 530

105 1467 233 1540 Agnovit
247 1467 381 1540 sonitum,
396 1474 426 1523 et
439 1466 513 1523 dirce
548 1467 668 1524 romissa
680 1464 816 1542 parentis.

105 1544 182 1601 Tum
198 1552 353 1602 memorat:
376 1545 425 1601 Ne
438 1542 517 1618 verb,
527 1486 647 1621 llospes,
662 1563 698 1601 ne
713 1562 809 1619 quaere
823 1542 956 1619 prolecto

27 1688 32 1697 ¹
107 1622 204 1692 Quem
219 1642 318 1680 casum
331 1630 463 1699 portenta
475 1622 585 1680 ferant:
608 1642 662 1697 ego
675 1641 780 1698 poscor
792 1621 932 1700 Olympo.

106 1702 172 1758 Hoc
187 1703 300 1776 signum
315 1701 421 1758 cecinit
434 1701 584 1758 missuram
598 1702 666 1758 diva
678 1701 809 1775 creatrix,

107 1780 138 1837 Si
152 1779 260 1837 bellurn
276 1782 429 1855 ingrueret,
443 1780 646 1860 Vulcaniaque
660 1799 738 1868 armo
751 1798 803 1856 per
816 1796 899 1838 auras
1043 1790 1103 1845 535

106 1860 241 1917 Laturam
257 1861 373 1917 auxilio.

105 1937 194 1995 Heu!
216 1947 330 2014 quantae
346 1939 459 1996 miseris
472 1940 568 1997 caedes
581 1938 773 1996 Laurentibus
786 1918 911 2001 inhiant!

106 2015 188 2086 Quas
201 2035 301 2093 poenas
315 2016 396 2090 niihi,
411 2017 520 2090 Turne,
535 2017 635 2073 dabis!
657 2014 745 2092 qndm
760 2017 849 2074 multa
863 2015 919 2075 sub
932 2017 1036 2079 undas

106 2094 194 2151 Scuta
207 2094 300 2152 virium
315 2095 468 2171 galeasque
483 2102 511 2152 et
525 2094 607 2150 sortia
621 2112 739 2169 corpora
751 2095 863 2170 volves,
882 2153 888 2163 ,

104 2172 196 2248 Tybri
208 2175 307 2249 pater!
330 2173 454 2229 Poscant
468 2174 554 2244 acies,
570 2178 599 2228 et
612 2171 721 2229 foedera
733 2182 876 2250 rumpant.
944 2206 949 2213 ·
1042 2184 1103 2239 540

144 2251 218 2307 Haec
232 2250 281 2306 ubi
295 2250 373 2307 dicta
386 2250 475 2324 dedit,
490 2250 561 2306 solio
575 2269 606 2307 se
620 2250 696 2308 tollit
709 2250 745 2308 ab
760 2251 837 2309 alto·

104 2328 145 2384 Et
158 2325 284 2403 primum
299 2327 453 2385 Herculeis
467 2328 574 2404 sopitas
588 2329 703 2405 ignibus
718 2349 779 2387 aras
911 2384 918 2397 ‚

104 2407 240 2479 lixcitat3
262 2405 487 2542 hespreffltnque
502 2408 617 2483 Larem,
632 2426 793 2484 parvosque
807 2407 947 2487 Penates,
978 2456 984 2467 .

104 2485 202 2541 Laetus
217 2485 293 2542 adit:
380 2493 442 2544 tant
454 2486 543 2544 lectas
557 2487 594 2543 de
608 2506 686 2544 more
699 2487 842 2563 bidentes,
931 2516 936 2523 ·

104 2563 258 2621 Evandrus
271 2565 385 2640 pariter,
399 2565 505 2641 pariter
518 2564 646 2642 Trojana
654 2568 803 2643 juventus.

104 2638 176 2699 Pdst
189 2642 258 2700 hinc
273 2643 307 2699 ad
322 2663 411 2702 naves
425 2644 560 2721 graditur,
574 2645 726 2720 sociosque
739 2644 857 2703 revisit:

106 2720 237 2791 Quorum
252 2721 288 2779 dc
303 2742 433 2799 numero,
449 2724 498 2816 qui
513 2743 577 2781 sese
590 2724 620 2781 in
634 2724 711 2781 bella
724 2730 890 2800 sequantur,

104 2798 278 2859 Praestantes
292 2801 394 2861 virtute
408 2803 497 2878 leg1t3
518 2822 583 2879 pars
597 2810 701 2860 caetera
713 2802 803 2878 pronai

104 2877 208 2935 Fertur
223 2880 305 2955 aqui,
320 2881 475 2956 segnisque
488 2881 616 2939 secundo
630 2880 730 2939 defluit
744 2880 833 2954 amni,

104 2956 216 3013 Nuntia
229 2966 349 3014 ventura
362 2959 489 3014 Ascanio
503 2978 655 3035 rerumque
668 2960 821 3036 patrisque.

104 3034 218 3091 Dantur
231 3035 298 3110 equi
312 3034 432 3091 Teucris
447 3034 598 3110 Tyrrhena
610 3038 774 3115 petentibus
789 3056 874 3095 arra:

105 3112 225 3170 Ducunt
239 3120 381 3169 exsortem
396 3112 508 3187 AEneae,
524 3135 612 3190 quem
625 3117 705 3174 fulva
718 3116 809 3174 leonis
887 3146 899 3193 y

104 3190 193 3247 Pellis
208 3191 268 3249 obit
281 3197 382 3263 totum,
396 3190 570 3265 praefulgens
585 3192 729 3266 unguibus
744 3195 845 3253 aureis.
899 3208 921 3251 .·=
995 3240 1000 3247 .

144 3269 237 3326 Fama
248 3268 335 3341 volat,
349 3287 466 3344 parvam
481 3268 575 3327 subito
589 3269 704 3345 uulgata
717 3292 769 3348 per
782 3273 894 3349 urbem,

105 3343 197 3405 Ocius
211 3347 252 3404 ire
266 3346 378 3422 equites
391 3345 536 3422 Tyrrheni
549 3349 583 3405 ad
599 3349 699 3405 limina
711 3352 795 3427 regis.

104 3425 182 3483 Vota
195 3433 273 3483 metu
283 3425 435 3502 duplicant
447 3434 560 3500 matres,
575 3424 749 3505 propiusque
762 3429 874 3506 periclo

105 3503 133 3561 lt
146 3504 239 3578 timor,
255 3513 284 3562 et
298 3506 389 3582 major
402 3504 506 3562 Martis
515 3506 577 3582 jam
592 3516 710 3581 apparet
722 3509 826 3584 imago.

105 3581 182 3638 Tum
196 3590 277 3658 pater
290 3584 452 3657 Evandrus,
467 3584 597 3641 dextram
611 3587 780 3661 complexus
794 3587 900 3665 euntis,

105 3658 214 3735 Haeret,
229 3659 409 3738 inexpletirm
423 3663 591 3737 lacrymans,
607 3664 720 3723 actalia
734 3665 825 3724 latur:

106 3736 131 3796 Ο
146 3738 218 3796 mibi
231 3740 391 3875 praeteyigos
404 3739 507 3799 referat
519 3740 544 3799 si
556 3741 668 3820 Jupiter
681 3745 789 3802 annos!
