2370 4176
464 253 465 258 ἵ
484 191 642 247 ECLOGA·
656 189 754 259 mr}
815 208 821 217 ’

527 383 678 430 conunon.

110 439 205 505 S'etoai
217 454 307 523 caput
320 446 376 504 hoc
391 447 452 523 apri
465 446 529 522 tibi,
542 448 641 523 Delia,
650 468 756 525 parvus
777 477 779 481 ¹

108 525 150 584 Et
163 544 278 583 ramosa
290 524 392 582 Micon
406 526 516 582 vivacis
531 544 638 584 cornua
652 528 730 605 cervi
739 548 748 583 :

110 604 143 661 Si
155 603 306 680 proprium
319 603 376 660 hoc
390 602 483 678 suerit,
497 603 556 661 levi
566 604 602 663 de
617 624 758 664 marmore
772 613 832 666 tota

107 681 240 739 Puniceo
255 681 342 739 stabis
356 700 436 739 suras
450 681 566 741 evincta
579 681 744 745 cothurno,‘
812 721 815 726 -

529 819 667 859 rnunsrs.

109 878 211 936 Sinum
225 878 311 935 lactis
326 885 356 935 et
368 877 434 934 haec
448 885 476 936 te
489 877 557 954 liba,
572 878 687 957 Priape,
703 882 855 958 quotannis

107 957 289 1032 Exspectare
303 963 346 1014 sat
360 965 421 1014 est:
443 965 538 1014 custos
553 976 583 1018 es
593 960 731 1034 pauperis
741 959 826 1019 horti.

107 1034 138 1092 N
140 1053 196 1091 unc
211 1042 239 1091 te
253 1054 443 1092 marmoreum
455 1054 512 1112 pro
522 1042 651 1112 tempore
664 1037 804 1112 fecimua3
820 1046 849 1097 at
862 1048 904 1114 tu,

109 1113 141 1170 si
153 1112 245 1170 fetura
258 1132 374 1188 gregem
389 1113 575 1190 suppleverit,
591 1133 694 1173 aurens
708 1124 779 1174 esto.

522 1249 671 1290 conunonr.

107 1308 218 1366 Nerine
233 1308 362 1383 Galatea,
376 1309 477 1384 thymo
492 1308 563 1364 mihi
577 1309 688 1366 dulcior
702 1309 819 1387 Hyblae,

107 1386 266 1447 Candidior
279 1387 390 1478 cycnis,
402 1385 508 1443 hedeni
523 1385 673 1444 formosior
684 1388 758 1463 albia,
898 1386 902 1395 “

107 1464 205 1534 Quum
220 1464 346 1540 primum
360 1465 435 1542 pasti
448 1471 581 1540 repetent
593 1467 735 1541 praesepia
748 1468 831 1544 tauri,

59 1554 63 1559 '
108 1541 139 1600 si
152 1562 209 1620 qua
222 1543 264 1600 tui
278 1542 439 1619 Corydonis
452 1541 541 1601 habet
554 1551 581 1600 te
596 1562 674 1619 cura,
688 1546 796 1605 venito.

524 1679 661 1719 rurusrs.

106 1739 198 1796 Immo
212 1739 397 1815 egoSardois
410 1740 509 1798 videar
522 1739 574 1796 tibi
588 1741 709 1798 amarior
720 1741 828 1819 herbis,

104 1817 255 1875 Horridior
264 1837 358 1892 msco,
372 1818 502 1897 projecti
515 1818 600 1875 vilior
613 1818 687 1893 alga,

106 1895 137 1952 Si
151 1896 221 1953 mihi
235 1915 294 1953 non
308 1896 373 1953 haec
387 1896 437 1954 lux
451 1905 510 1954 toto
521 1898 583 1972 jam
591 1896 704 1971 longior
717 1917 793 1954 anuo
807 1906 860 1956 est.

106 1973 148 2032 Ite
163 1975 290 2049 domum,
305 1975 389 2050 pasti,
405 1975 429 2032 si
444 1975 508 2051 quis
521 1974 622 2050 pudor,
637 1975 686 2051 ite,
698 1977 828 2054 juvenci.

518 2111 669 2150 conunou.

34 2158 39 2164 ’
103 2170 234 2227 Muscosi
249 2170 352 2245 sontes,
368 2180 510 2229 etsomuo
525 2164 638 2228 mollior
650 2171 749 2247 herba,
799 2191 804 2201 ·

102 2248 143 2305 Et
156 2268 220 2324 quae
234 2268 285 2305 vos
300 2250 361 2305 rari
375 2249 473 2307 viridis
488 2251 559 2324 tegit
573 2250 688 2308 arbutus
702 2243 814 2326 umbria,

104 2326 263 2390 Solstitium
273 2328 372 2403 pecori
387 2328 550 2386 defendite:
569 2331 631 2406 jam
644 2330 726 2387 venit
738 2339 822 2387 aestas
857 2394 860 2398 ⁴

103 2405 232 2480 Tumida,
244 2408 306 2483 jam
320 2406 386 2464 laeto
400 2413 515 2482 turgent
527 2407 557 2464 in
571 2408 690 2483 palmite
704 2427 836 2483 gemmae.

520 2544 657 2582 rurusrs.

102 2600 160 2658 Hic
175 2602 266 2677 focus,
283 2611 312 2660 et
325 2604 408 2660 taedae
422 2604 562 2679 pingues3
584 2603 633 2662 hic
648 2605 788 2684 plurimps
802 2606 877 2680 ignis

103 2680 232 2757 Semper,
248 2681 404 2738 etassiduai
413 2691 516 2758 'postes
527 2683 646 2758 fuligine
661 2685 734 2757 nigri
746 2704 754 2755 3

102 2757 160 2816 Hic
176 2757 288 2818 tantum
302 2761 404 2816 Boreae
419 2779 551 2818 curamus
561 2761 674 2836 frigora,
689 2758 828 2836 quantdm

101 2838 160 2896 Aut
173 2856 325 2896 numemm
338 2839 433 2914 lupus,
449 2848 497 2896 ant
510 2841 646 2898 torrentia
658 2839 778 2897 flumina
791 2839 876 2916 ripas.

316 3003 318 3008 .
516 2977 665 3017 coarnou.

102 3034 183 3092 Stant
197 3042 226 3092 et
235 3035 372 3111 juniperi,
388 3044 417 3094 et
431 3045 573 3094 castaneae
587 3036 721 3109 hirsutae3

102 3113 194 3170 Strata
199 3115 300 3190 jacent
313 3115 420 3189 passim
435 3134 487 3171 sua
499 3115 613 3191 quique
627 3114 680 3172 sub
696 3114 794 3172 arbore
807 3135 911 3193 poma3
1023 3153 1027 3160 -

101 3191 206 3259 Omnia
218 3210 296 3248 nunc
311 3192 424 3261 rident:
447 3193 485 3266 at,
500 3193 524 3249 si
538 3192 678 3251 formosus
692 3193 794 3250 Alexis

99 3269 250 3328 Montibus
264 3269 310 3326 his
324 3268 531 3354 abeat’rideas
542 3280 572 3329 et
584 3272 703 3329 flumina
716 3271 804 3329 sicca.
835 3317 841 3329 a

519 3408 657 3446 ruuusss.

97 3467 169 3526 Aret
182 3484 259 3541 ager,
274 3464 345 3523 vitio
358 3467 485 3525 moriens
499 3468 558 3526 sitit
572 3470 645 3526 aeris
658 3466 758 3542 herba,

97 3544 185 3601 Liber
198 3544 367 3620 pampineas
380 3545 484 3604 invidit
498 3546 620 3604 collibus
632 3546 765 3604 umbras:

97 3621 240 3698 Phyllidis
255 3622 380 3681 adventu
395 3632 499 3682 nostrae
513 3644 616 3682 nemus
630 3637 716 3682 omne
729 3621 844 3697 virebit,
863 3662 867 3670 ·

95 3699 207 3779 Jupiter
221 3709 251 3758 et
264 3699 331 3758 laeto
346 3701 505 3760 descendet
517 3703 655 3781 plurimus
669 3700 764 3759 imbri.
