2400 4178
438 219 440 222 >
510 163 643 256 >unsre
662 201 714 257 rrr.
760 275 762 280 ι

110 344 238 408 Tristius
251 347 331 407 haud
344 347 402 422 illis
413 356 583 425 monstrum,
597 368 653 406 nec
669 347 771 406 saevior
783 345 846 406 ulla

111 425 208 485 Pestis
222 433 251 485 et
264 427 307 484 ira
320 426 408 485 deum
425 426 532 504 Stygiis
546 445 610 484 sese
625 426 729 484 extulit
741 425 837 485 undis.

112 503 246 578 Virginei
259 503 410 562 volucrum
425 505 531 580 vultus,
546 504 704 562 loedissima
716 504 825 562 ventris

111 580 274 657 Proluvies‚
288 593 430 658 unctaque
444 601 556 657 manua,
572 588 601 640 et
614 581 722 660 pallida
735 600 850 660 semper

113 660 172 719 Ora
184 661 269 719 fame.

152 738 220 796 Huc
234 737 285 796 ubi
298 737 386 795 delati
399 745 498 814 portus
512 737 700 810 intravimus;
722 755 791 795 ecce

112 815 194 872 Laeta
207 815 295 872 boum
308 815 416 892 passim
431 815 539 891 campis
554 823 685 873 armenta
696 813 840 892 videmus,

112 893 369 969 Caprigenumque
383 912 484 969 pecus,
500 893 580 950 nullo
594 893 724 967 custode,
738 912 792 970 per
804 892 918 954 herbas.

113 970 252 1029 Inruimus
265 971 349 1045 ferro,
365 979 394 1028 et
408 971 489 1028 divos
503 970 657 1047 ipsumque
670 988 821 1029 vocamus·

113 1048 147 1104 In
161 1056 272 1123 partem
286 1049 472 1124 praedamque
484 1047 596 1105 Jovem.
639 1048 717 1105 Tum
731 1048 826 1106 littore
839 1067 928 1110 curvo

112 1125 356 1200 Exstruimusque
369 1132 455 1200 toros,
470 1125 651 1202 dapibusque
667 1126 819 1201 epulamur
832 1127 946 1203 opimis.

112 1204 152 1259 At
166 1201 269 1259 subitae
284 1202 417 1259 horrifico
430 1203 515 1278 lapsu
529 1204 566 1260 de
580 1203 725 1262 montibus
739 1202 843 1263 adsunt

112 1280 261 1355 Harpyiae,
277 1287 306 1338 et
319 1279 431 1354 magnis
446 1280 578 1356 quatiunt
592 1279 773 1356 clangoribus
787 1281 856 1359 alas,

111 1358 317 1434 Diripiantque
332 1358 430 1433 dapes,
446 1365 641 1434 contactuque
656 1358 753 1416 omnia
765 1350 874 1436 foeda'nt

112 1435 265 1493 Immundo
278 1455 284 1492 :
306 1443 368 1493 tum
382 1455 440 1492 vox
453 1443 559 1494 tetrum
573 1437 635 1493 dira
647 1435 723 1494 inter
735 1437 862 1495 odorem.

109 1513 236 1571 Rursum
250 1513 279 1570 in
295 1532 410 1572 secessu
425 1513 511 1591 longo
526 1513 579 1572 sub
593 1519 668 1590 rupe
680 1514 790 1590 cavati,

112 1590 269 1649 Arboribus
284 1591 373 1649 clausi
386 1590 496 1649 circum
510 1600 596 1669 atque
609 1591 792 1651 horrentibus
806 1592 925 1670 umbris,

110 1669 281 1727 Instruimus
295 1687 419 1743 mensas,
434 1670 547 1744 arisque
560 1671 726 1746 reponimus
739 1671 858 1746 ignem:

109 1746 237 1804 Rursum
252 1765 289 1804 ex
303 1747 417 1804 diverso
431 1745 497 1804 celi
511 1748 655 1824 caecisque
667 1748 784 1806 latebris
842 1811 844 1816 ,

109 1824 209 1882 Turba
222 1843 327 1882 sonans
340 1825 468 1903 praedam
482 1823 606 1900 pedibus
620 1825 810 1885 circumvolet
821 1827 923 1899 'uncis;
1010 1845 1012 1847 ’

108 1902 219 1960 Polluit
233 1921 281 1960 ore
295 1903 393 1981 dapes.
407 1916 410 1922 ’
437 1903 530 1960 Sociis
543 1910 612 1961 tunc
626 1921 704 1961 arma
718 1913 870 1980 capessant

109 1981 214 2056 Edico,
230 1989 259 2039 et
272 1981 334 2038 dira
347 1980 456 2040 bellum
471 2001 538 2040 cum
552 1989 638 2057 gente
652 1983 821 2057 gerendum.

108 2059 197 2118 Haud
212 2078 295 2121 secus
309 2079 342 2118 ae
353 2061 430 2139 Jussi
442 2059 563 2136 faciunt,
579 2067 728 2137 tectosque
741 2079 794 2138 per
806 2059 927 2120 h'e'rbam

108 2138 276 2216 Disponunt
290 2157 385 2216 enses,
400 2147 430 2199 et
443 2147 524 2198 scuta
536 2138 655 2198 latentia
668 2140 805 2198 condunt

108 2216 197 2293 Ergo,
212 2215 263 2275 ubi
277 2217 402 2296 delapsae
416 2219 543 2277 sonitum
552 2237 608 2296 per
621 2215 829 2291 curvadedire
940 2253 943 2256 >

108 2295 227 2371 Littera,
241 2297 290 2355 dat
304 2296 420 2372 signum
434 2296 552 2375 speculi
566 2297 702 2356 Misenus
717 2295 752 2354 ab
767 2296 825 2356 alti

107 2373 180 2432 AEre
194 2393 284 2432 cavo:
306 2374 448 2434 invadunt
461 2375 542 2450 socii,
556 2383 587 2434 et
599 2395 676 2434 nova
689 2373 926 2452 proelia'tenunt,

86 2472 92 2481 ·
109 2451 268 2510 Obscoenas
281 2453 377 2528 pelagi
390 2453 464 2511 ferro
479 2454 586 2512 soedare
599 2455 742 2511 volucres.

110 2529 168 2587 Sed
182 2547 278 2605 neque
291 2529 351 2586 vim
364 2531 471 2605 plumis
483 2531 574 2589 ullam
587 2549 643 2588 nec
656 2531 778 2589 vulnera
790 2536 871 2606 tergo

107 2607 285 2683 Accipiunt3
307 2605 454 2681 celerique
468 2606 535 2681 lugi
551 2607 604 2664 snb
619 2608 714 2665 sidera
726 2602 825 2684 lapsae,
929 2647 931 2652 -

110 2686 260 2743 Semesam
270 2684 399 2760 praedam
414 2691 443 2741 et
455 2683 577 2758 vestigia
590 2684 668 2742 foedo
680 2684 856 2760 relinquunt.

108 2763 177 2822 Una
189 2763 220 2820 in
233 2761 373 2839 precelsi
387 2762 518 2820 consedit
530 2778 602 2838 rupe
616 2762 746 2837 Celaeno,

109 2841 216 2900 Infelix
228 2849 319 2916 vates,
334 2840 499 2917 rumpitque
513 2839 590 2897 hanc
603 2848 721 2918 pectore
735 2856 858 2897 vocem:

147 2920 264 2979 Bellum
279 2920 366 2978 etiam
378 2938 430 2997 pro
445 2919 527 2977 caede
540 2918 628 2976 boum
641 2918 795 2994 stratisque
803 2914 950 2996 juvencis,

107 2997 372 3074 Laomedontiadae,
386 2997 535 3055 bellumne
550 2996 654 3055 inferre
667 2996 782 3074 paratis,

107 3078 149 3136 Et
161 3078 252 3155 patrio
267 3077 412 3155 Harpyias
425 3075 555 3151 insontes
568 3075 677 3152 pellere
691 3077 803 3152 regno?
903 3147 904 3150 Ἴ
943 3147 950 3156 ¹

107 3156 241 3234 Accipite
255 3175 323 3232 ergo
337 3155 440 3214 animis
455 3163 541 3230 utque
554 3153 619 3213 baec
633 3173 699 3212 mea
711 3154 791 3230 figite
799 3153 900 3212 dicta:

109 3233 185 3306 Quae
199 3232 313 3293 Phoebo
327 3242 409 3311 pater
421 3234 616 3310 omnipotens,
632 3232 704 3290 mihi
717 3232 848 3292 Phoebus
863 3229 969 3310 Apollo
997 3305 998 3309 Ἰ

107 3313 258 3387 Praedixit,
272 3313 356 3371 vobis
370 3313 523 3371 Furiarum
537 3331 592 3389 ego
604 3311 733 3370 maxima
744 3310 849 3390 pundo.

108 3391 223 3451 ltaliam
236 3409 321 3450 cursu
333 3391 440 3468 petitis,
454 3391 606 3468 ventisque
619 3390 728 3450 vocatis

108 3470 192 3530 Ibitis
207 3468 331 3546 ltaliam,
345 3477 503 3546 portusque
516 3467 754 3531 intrarelicebit:

109 3550 169 3609 Sed
183 3567 242 3607 non
257 3545 323 3607 ante
339 3547 435 3607 datam
448 3548 569 3624 cingetis
582 3547 728 3610 moenibus
741 3544 853 3620 urbem,
930 3598 937 3610 ,

108 3625 206 3700 Qudm
219 3645 273 3685 vos
285 3626 347 3685 dira
359 3627 460 3701 fames,
473 3635 636 3704 nostreque
649 3626 755 3705 injuria
768 3621 865 3699 caedis,

105 3707 251 3768 Ambesas
265 3704 380 3784 subigat
393 3704 477 3764 malis
491 3705 641 3764 absumere
654 3721 778 3764 mensas.

267 3789 300 3844 ll
