2370 4176
120 201 174 259 180
526 200 709 258 AENEIDOS
804 220 817 235 ‘

119 350 288 445 Corriyiunt
300 350 393 429 spatia
406 351 513 426 audito,
528 351 676 430 limenque
689 350 856 429 relinquunt

118 430 215 491 Effusi
229 429 329 488 mmbo
343 429 468 504 similes3
484 430 570 489 simul
586 430 689 488 ultima
701 430 824 506 signant.

117 508 233 569 Primus
247 508 315 584 abit,
328 505 472 586 longdque
486 516 553 568 ante
567 510 665 567 omnia
677 527 798 586 corpora
810 506 842 568 N
842 509 903 567 is'us

118 586 243 664 Emicat,
259 595 289 646 et
301 587 395 646 ventis
409 597 440 646 et
451 585 581 646 fulminis
595 588 673 646 ocior
687 586 748 645 alis.
945 648 949 653 ,

70 666 73 675 ’
117 666 272 724 Proximus
285 665 366 741 huic,
380 665 468 742 longo
482 667 534 725 sed
546 667 695 743 proximus
705 666 868 742 intervallo,
1047 673 1106 728 320

118 744 283 823 Insequitur
298 745 401 803 Salius.
445 744 544 823 Spatia
558 741 625 823 pdst
637 744 744 804 deinde
757 744 868 819 relicto,

117 823 233 882 Tertius
249 823 403 900 Euryalus.
832 832 834 836 '

116 902 335 979 Euryalumque
351 901 497 979 Helymus
511 901 648 978 sequitur.
691 902 760 973 Quo
773 902 879 960 deinde
893 900 949 960 sub
962 902 1026 982 ipso

116 981 199 1040 Ecce
212 980 299 1056 volat,
314 980 482 1056 calcemque
497 980 563 1038 terit
572 982 633 1059 jam
648 979 729 1039 calce
743 979 858 1056 Diores,

117 1059 293 1118 lucumbens
306 1060 446 1117 humero:
468 1059 561 1136 spatia
574 1066 604 1118 et
616 1059 640 1117 si
653 1058 738 1135 plura
750 1060 905 1135 supersint,
1044 1065 1103 1120 325

116 1138 258 1196 Transeat
271 1138 387 1215 elapsus
400 1138 487 1216 prior,
501 1137 706 1213 ambiguumve
720 1137 871 1215 relinquat

114 1216 237 1294 Jamque
252 1214 312 1274 ferd
328 1218 420 1294 spatio
435 1224 564 1274 extrenm
578 1216 705 1293 fessique
720 1215 774 1274 sub
788 1216 881 1294 ipsam

115 1296 221 1353 Finem
236 1296 438 1372 adventabant,
453 1295 511 1354 levi
525 1314 615 1371 quum
629 1295 769 1371 sanguine
782 1295 874 1354 Nisus

116 1374 236 1432 Labitur
249 1375 368 1449 infelix;
390 1374 474 1432 caesis
487 1371 604 1453 utforte
614 1373 750 1452 juvencis

115 1453 212 1512 Fusus
225 1453 346 1511 humum
361 1453 525 1530 viridesque
540 1455 626 1529 super
639 1450 833 1510 madefecerat
845 1452 960 1511 berbasa
1044 1457 1103 1513 3³0

115 1530 174 1589 Hic
185 1532 313 1609 juvenis,
320 1535 382 1609 jam
395 1532 488 1589 victor
500 1544 600 1605 ovans,
615 1529 736 1604 vestigia
747 1548 848 1606 presso
926 1582 929 1587 ,

115 1609 204 1667 Haud
218 1611 311 1668 tenuit
325 1608 446 1667 titubata
460 1609 539 1680 solo;
561 1609 613 1666 sed
626 1627 735 1686 pronus
748 1609 778 1666 in
792 1608 856 1685 ipso

114 1688 251 1747 Concidit
263 1688 470 1764 immundoque
484 1687 553 1745 fimo
567 1705 707 1764 sacroque
721 1706 831 1745 cruore.

113 1766 183 1825 Non
199 1777 296 1826 tamen
310 1766 442 1843 Euryali,
456 1785 516 1825 non
528 1766 579 1824 ille
592 1767 699 1826 oblitus
714 1785 860 1839 amorum;

114 1846 192 1904 Nam
207 1866 271 1905 sese
286 1846 421 1924 opposuit
436 1846 524 1922 Salio,
538 1865 590 1924 per
603 1846 714 1905 lubrica
727 1864 856 1922 surgens.

114 1923 169 1983 Ille
184 1935 279 1985 autem
294 1926 387 2003 spissia
397 1926 491 2004 jacuit
504 1925 650 1985 revolutus
664 1924 760 1984 arensi.

114 2004 230 2063 Emicat
244 2004 398 2081 Euryalus,
413 2012 443 2062 et
456 2023 576 2062 munere
589 2005 681 2062 victor
695 2004 780 2062 amici

113 2083 211 2141 Prima
224 2091 313 2158 tenet,
327 2082 488 2160 plausuque
501 2082 580 2141 volat
593 2083 770 2159 fremituque
784 2083 921 2141 secundo.

113 2158 185 2220 Pdst
198 2162 343 2238 Helymus
357 2160 443 2235 subit,
458 2168 488 2218 et
500 2178 578 2218 nunc
592 2160 676 2218 tertia
687 2161 786 2237 palma
798 2160 912 2220 Diores.
1002 2170 1007 2178 '

113 2238 173 2297 Hic
187 2249 280 2298 totum
294 2258 392 2297 caveae
407 2256 575 2296 consessum
587 2238 713 2316 ingentis
727 2247 758 2297 et
770 2258 819 2297 ora

112 2317 212 2376 Prima
224 2326 338 2395 patrum
352 2318 464 2393 magnis
480 2317 574 2376 Salius
588 2317 761 2377 clamoribus
774 2318 895 2395 implet;

113 2397 316 2474 Ereptumque
331 2395 397 2454 dolo
409 2396 490 2454 reddi
504 2396 559 2455 sibi
572 2396 665 2474 poscit
678 2395 829 2456 honorem.

113 2476 237 2534 Tutatur
247 2477 327 2534 favor
340 2475 511 2551 Euryalum,
525 2475 716 2553 lacrymaeque
730 2476 855 2552 decorae,

113 2555 227 2613 Gratior
241 2563 270 2613 et
282 2555 404 2632 pulchro
418 2554 539 2613 veniens
552 2554 583 2611 in
597 2573 717 2632 corpore
730 2555 830 2614 virtus.

112 2634 249 2713 Adjuvat,
265 2643 294 2693 et
308 2633 412 2710 magni
431 2634 589 2711 proclamat
601 2652 674 2692 voce
688 2633 804 2710 Diores,

114 2714 174 2785 Qui
188 2713 278 2772 subiit
290 2714 404 2791 palma,
418 2712 577 2790 frustraque
592 2713 628 2772 od
640 2713 761 2790 praemia
773 2712 855 2771 venit

112 2792 233 2868 Ultima,
246 2794 270 2852 si
284 2794 371 2870 primi
386 2790 465 2851 Salio
479 2793 637 2851 redduntur
649 2792 783 2850 honores.

112 2872 192 2930 Tum
206 2881 288 2948 pater
300 2872 433 2930 AEueas:
455 2872 570 2946 Vestra,
584 2870 688 2948 inquit,
703 2888 825 2927 munera
837 2866 921 2927 vobis

113 2951 200 3008 Certa
213 2958 341 3024 manent,
355 2949 454 3026 pueri3
477 2958 506 3008 et
518 2949 646 3027 palmam
659 2957 758 3008 movet
771 2947 871 3006 ordine
884 2964 988 3008 nemo:

112 3029 166 3086 Me
179 3028 265 3086 liceat
278 3046 362 3085 casus
375 3027 505 3095 miseriti
518 3028 639 3088 insontis
653 3027 748 3086 amici.

114 3106 163 3163 Sic
177 3105 262 3180 fatus,
276 3112 388 3180 tergum
403 3105 511 3165 Gaetuli
524 3107 651 3166 immane
664 3107 758 3167 leonis

112 3185 172 3243 Dat
186 3183 275 3260 Salio,
289 3184 366 3242 villis
380 3202 534 3242 onerosum
550 3194 635 3264 atque
648 3186 793 3263 unguibus
807 3184 927 3245 annisu

112 3262 173 3324 Hic
186 3264 296 3322 Nisus:
319 3263 351 3321 si
364 3270 453 3338 tanta
464 3263 566 3341 inquit,
581 3273 648 3324 sunt
660 3265 780 3343 praemia
792 3265 888 3341 victis,

113 3343 154 3402 Et
163 3351 192 3402 te
205 3343 350 3420 lapsorum
364 3341 500 3414 miseret;
521 3363 585 3420 quae
600 3363 722 3403 munera
734 3344 810 3404 Niso

112 3422 211 3499 Digna
224 3421 316 3499 dabis,
327 3421 450 3499 primam
465 3422 559 3479 merui
571 3423 622 3498 qui
635 3423 721 3482 laude
735 3442 881 3500 coronam,

112 3501 154 3559 Ni
168 3520 225 3577 me,
240 3509 306 3578 quae
323 3501 443 3577 Salium,
458 3499 571 3559 fortuna
584 3500 703 3559 inimica
715 3502 848 3562 tulisset?

112 3579 155 3637 Et
167 3580 254 3639 simul
267 3581 314 3640 his
328 3581 412 3640 dictis
425 3580 528 3640 faciem
543 3580 712 3655 ostentabat,
728 3590 758 3641 et
770 3581 830 3640 udo

113 3656 224 3735 Turpia
237 3659 367 3718 membra
380 3661 457 3719 fimo.
499 3659 577 3717 Risit
589 3666 670 3736 pater
683 3660 809 3737 optimus
821 3657 883 3734 olli,
