2400 4178
473 218 592 277 LIBER
608 220 648 277 11.

76 362 163 425 Adsit
175 365 282 426 letitie
296 365 432 426 Bacchus
446 366 536 443 datm,
551 367 667 425 elbona
678 361 774 428 Juno:
852 352 860 361 ’

77 444 120 503 Et
131 463 193 521 vos,
208 465 235 519 o,
249 454 367 520 coetum,
381 445 473 522 Tyrii,
488 444 632 504 celebrate
646 445 785 506 faventes.

77 522 171 600 Dixit,
186 524 259 584 etin
273 543 404 583 mensem
418 524 536 597 laticum
550 522 652 583 libavit
664 524 825 601 honorem
937 584 940 591 Α

77 601 241 679 Primaque,
255 602 354 678 libato,
369 622 481 675 summo
495 610 579 661 tenus
594 603 688 681 affigit
699 622 758 662 ore.

77 678 156 739 Tum
170 681 256 739 Bitiae
271 681 351 740 dedit
363 680 554 758 increpitans:
576 681 626 740 ille
639 680 764 818 impiger
775 681 872 745 bausit

78 757 269 852 Spumantem
282 768 421 838 peterem,
436 767 465 818 et
474 760 564 838 pleno
579 779 610 818 se
623 780 676 838 pro
689 761 732 820 uit
744 781 830 824 auro:

75 837 158 912 Post,
173 837 222 896 olii
234 857 376 915 proceres.
418 837 538 897 cithare
551 838 670 897 crinitus
684 839 771 917 Iopas
1002 843 1062 904 ⁷40

75 914 217 975 Personat
231 917 328 977 auratis
342 917 441 975 docuit
455 936 520 993 quae
531 918 676 975 maximus
689 919 783 978 Atlas.

34 1018 57 1061 ο
75 991 135 1052 Hic
149 995 227 1053 canit
240 1005 383 1054 errantem
397 994 506 1069 lunam,
521 994 648 1071 solisque
662 995 794 1071 labores;
894 1005 898 1013 '

75 1069 164 1130 Unde
178 1071 328 1131 homiuum
342 1091 443 1149 genus,
458 1081 489 1131 et
500 1073 628 1150 pecudes
640 1093 647 1146 ;
669 1075 747 1133 uude
760 1074 862 1155 imber,
871 1085 907 1138 et
919 1077 1019 1157 ignem

76 1149 241 1226 Arcturum,
255 1151 426 1228 pluviasque
440 1151 570 1228 Hyadas,
585 1152 774 1231 geminosque
785 1154 928 1230 Triones3

77 1226 159 1297 Quid
171 1225 283 1287 tentrim
297 1247 407 1286 oceano
420 1239 577 1308 properent
589 1249 621 1288 se
635 1230 746 1310 tingere
760 1231 836 1294 soles
1001 1238 1061 1297 746

76 1303 211 1383 Hiberni,
225 1307 273 1365 vel
287 1327 352 1383 quse
365 1307 454 1366 tardis
467 1326 548 1365 mora
560 1307 694 1367 noctibus
708 1309 810 1371 obstet.

76 1383 260 1460 Ingeminant
272 1387 376 1463 plausu
391 1385 482 1462 Tyrii,
498 1385 649 1463 Troesque
661 1389 829 1465 'sequuntun

74 1462 141 1521 Nec
155 1483 214 1522 non
228 1474 259 1524 et
270 1465 350 1524 vario
363 1473 478 1523 noctem
493 1483 625 1523 sermone
639 1465 771 1525 trahebat

76 1541 183 1600 Infelix
196 1543 284 1619 Dido,
299 1539 475 1621 longumque
488 1543 607 1602 bibebat
620 1563 759 1621 amorem,
812 1542 815 1549 ’

75 1619 172 1679 Multa
185 1640 271 1699 super
280 1622 396 1682 Priamo
409 1622 545 1698 rogitans,
560 1642 646 1700 super
659 1624 789 1684 Hectore
802 1625 912 1684 mults:
1000 1629 1061 1686 750

75 1697 174 1774 Nunc,
189 1700 292 1777 quibus
306 1703 426 1759 Aurorae
440 1700 568 1758 venisset
580 1701 657 1759 lilius
671 1703 758 1761 armis
773 1723 781 1777 ;

74 1776 174 1853 Nunc,
188 1779 287 1855 quales
301 1778 454 1836 Diomedis
468 1778 554 1855 equi;
577 1798 666 1854 nunc,
681 1789 804 1857 quantus
817 1781 959 1843 Achilles.

75 1855 170 1914 Immo
185 1875 248 1934 age,
264 1865 293 1917 et
307 1876 324 1915 e
336 1857 430 1934 primi
444 1857 502 1932 dic,
516 1857 633 1934 hospes,
648 1857 757 1935 origine
771 1859 856 1923 nobie
919 1921 922 1926 .

75 1933 209 2012 Insidias,
223 1935 326 2014 inquit,
341 1935 486 2012 Dansrim,
501 1953 642 2014 casusque
659 1944 783 2015 tuorum,

73 2013 251 2093 Erroresque
264 2024 352 2088 tu0s;
374 2033 442 2073 nom
456 2016 557 2093 tejam
573 2033 604 2073 se
626 2014 697 2073 tima
708 2023 803 2095 portat
1000 2016 1072 2077 'lbi'

74 2091 218 2154 Omnibus
232 2103 376 2155 errantem
389 2093 471 2153 terris
485 2101 515 2151 et
528 2035 663 2152 fluctibus
677 2102 769 2155 estas

406 2441 720 2518 munrnos
759 2542 766 2556 x

370 2592 503 2654 LIBER
524 2595 758 2657 SECUNDUS.

71 2727 273 2788 Oourrcurian
288 2744 400 2800 omnes,
414 2725 576 2803 intentique
588 2746 640 2786 ora
652 2727 807 2788 tenebunt:

73 2808 146 2866 lude
160 2813 222 2866 toro
235 2813 317 2883 pater
329 2804 442 2863 AEneas
456 2803 498 2862 sic
511 2823 592 2863 orsus
606 2805 642 2864 ab
655 2806 734 2865 alto:

108 2885 277 2961 «Infandum,
291 2883 400 2961 regina,
410 2882 498 2962 jubes
511 2903 650 2943 renovare
664 2885 810 2959 dolorem;

72 2965 216 3046 Trojanss
229 2972 262 3024 ut
274 2971 346 3041 opes
360 2969 390 3021 et
401 2962 587 3021 lamentabile
601 2983 722 3040 reguum

72 3043 339 3117 Eruerr'ntD'anai3
361 3041 562 3121 quequeipse
575 3041 737 3103 miserrima
748 3041 819 3118 vidi,
1038 3045 1059 3104 6

72 3120 113 3182 Et
125 3143 247 3201 quorum
259 3141 325 3200 pars
338 3140 445 3199 magua
457 3120 507 3179 fui.
551 3120 635 3197 Quis,
649 3121 719 3181 talis
731 3121 829 3197 lando,

71 3202 299 3278 Myrmidonum,
314 3199 509 3281 Dolopumve,
524 3208 573 3259 aut
585 3200 650 3259 duri
663 3200 747 3260 miles
760 3199 890 3280 Ulyssei,

71 3280 231 3358 Temperet
244 3299 262 3338 a
273 3279 429 3357 lacrymis?
450 3279 492 3339 Et
500 3282 563 3359 jam
576 3297 637 3338 nox
649 3278 770 3338 humida
782 3277 857 3338 coelo

70 3357 245 3437 Prrecipitat,
260 3359 439 3439 suadentque
452 3359 587 3418 cadentia
600 3359 695 3419 sidera
706 3374 845 3418 somnos:

71 3438 141 3513 Sed,
155 3437 181 3498 si
193 3445 290 3497 tentus
304 3456 385 3496 emor
396 3456 480 3497 casus
494 3456 670 3515 cognoscere
683 3445 806 3512 nostros,
891 3440 898 3453 '
1020 3437 1057 3499 10

71 3516 113 3576 Et
126 3515 253 3575 breviter
265 3516 363 3596 Trojce
378 3536 543 3595 supremum
557 3518 656 3576 audire
670 3514 810 3591 laborem,

70 3593 246 3673 Quanquam
260 3594 373 3655 animus
387 3597 556 3656 meminisse
569 3595 676 3671 horret,
690 3596 829 3672 luctuque
843 3589 956 3670 refugit,
997 3639 1001 3645 .

70 3674 223 3752 incipiem-
264 3672 362 3735 Frscti
374 3672 462 3749 bello,
476 3675 541 3735 satis
562 3695 599 3734 ue
612 3673 730 3752 repulsi,
766 3696 769 3702 ·
878 3728 888 3743 ,.

68 3753 215 3814 Ductores
228 3753 374 3892 &anatim
388 3760 432 3814 tot
440 3756 503 3833 jum
516 3695 679 3814 lubentibus
693 3750 786 3827 annis,
