2370 4176
378 150 399 280 ,⁸
479 160 665 271 masana
732 280 735 285 Ι

79 341 159 416 Solis
173 341 209 401 ad
222 358 367 418 occasum,
381 362 471 420 quum
485 343 605 420 frigidus
618 349 685 405 adra
697 364 802 425 vesper
919 404 927 415 ,

80 422 247 500 Temperat,
262 430 292 479 et
305 421 394 480 saltus
407 422 500 481 reficit
508 426 571 501 jam
585 424 697 483 roscida
708 425 787 501 luna,

80 498 249 578 Littoraque
263 500 414 577 alcyonem
428 509 572 578 resonant,
587 502 768 562 acalanth'da
780 504 870 564 dumi.

120 579 202 652 Quid
215 578 268 638 tibi
281 587 411 656 pastores
424 579 539 656 Libyae,
553 581 624 657 quid
635 600 744 659 pascua
755 600 840 642 versu

81 658 253 738 Prosequar,
268 654 520 718 etrarisbabitata
533 659 657 736 mapalia
670 661 773 721 tectis?
971 722 974 735 ,
1004 666 1062 724 340

83 736 169 817 Saepe
183 739 262 797 diem
275 745 458 815 noctemque,
472 745 502 796 et
514 745 607 796 totum
620 757 659 797 ex
672 738 773 798 ordina
784 756 926 818 mensem,

82 817 216 878 Pascitur
228 817 307 894 itque
320 835 409 895 pecus
422 816 509 892 longa
521 816 552 874 in
566 817 680 877 dosera
692 818 755 876 sine
768 817 835 877 ullis

85 896 248 975 Hospitiis:
267 893 381 954 tantum
395 896 490 972 campi
498 897 593 973 jacet!
617 895 723 955 Omnia
735 915 835 956 secum
927 943 929 946 .

82 975 281 1035 memmius
295 973 365 1032 Aser
379 975 446 1050 agit,
461 981 636 1054 tectumque,
650 975 807 1053 laremque,

84 1055 239 1130 Armaque,
255 1051 494 1128 Amyclaeumque
508 1071 620 1127 canem,
634 1052 826 1130 Cressamque
839 1052 1010 1132 pharetram.

82 1133 153 1192 Non
164 1128 248 1190 sectis
263 1149 297 1189 ac
309 1129 408 1206 patriis
422 1149 487 1188 acer
499 1131 649 1188 Romanus
662 1131 692 1188 in
707 1133 792 1190 armis
1006 1135 1064 1191 340

85 1211 195 1290 lnjusto
209 1208 262 1270 sub
276 1209 353 1267 fasce
367 1209 445 1266 viam
456 1228 545 1286 quum
558 1209 658 1285 carpit,
672 1218 703 1269 et
714 1208 792 1269 hosti
833 1220 835 1224 ‘

84 1291 161 1348 Ante
175 1295 373 1366 exspectatum
386 1286 488 1362 positis
502 1294 557 1344 stat
569 1286 599 1344 in
614 1287 728 1362 agmine
742 1288 849 1347 antris.

123 1370 164 1425 At
177 1385 235 1424 non
248 1367 305 1443 qud
320 1365 447 1441 Scythice
462 1373 575 1441 gentes,
587 1365 766 1442 Maeotiaque
779 1365 880 1442 unda„
1021 1436 1023 1440 Α

56 1479 58 1482 <
85 1445 275 1503 Turbidus'et
288 1452 423 1521 torquens
435 1443 575 1503 flaventes
590 1443 664 1502 ister
677 1463 788 1520 arenas,
956 1478 959 1482 ⁴
1005 1446 1065 1502 330

86 1523 210 1600 Quaque
223 1522 298 1581 radit
310 1523 439 1581 medium
452 1522 597 1598 Rhodope
610 1530 743 1598 porrecte
753 1522 807 1581 sub
821 1541 915 1582 axem.

87 1602 150 1660 Illic
164 1601 263 1659 clausa
274 1609 377 1661 tenent
389 1600 507 1660 stabulis
528 1608 672 1674 armenta3
693 1619 789 1679 neque
801 1600 870 1660 ulla

86 1683 148 1740 Aut
159 1679 258 1739 herbae
273 1698 377 1756 campo
391 1689 537 1757 apparent,
553 1687 603 1737 aut
616 1678 716 1737 arbore
728 1679 860 1739 frondes:

88 1756 146 1817 Sed
155 1761 237 1838 jacet
249 1757 401 1835 aggeribus
414 1759 507 1817 niveis
521 1757 652 1817 informis
665 1765 696 1815 et
708 1758 765 1817 alto

88 1836 179 1896 Terra
191 1837 259 1914 gelu
272 1834 341 1913 late,
355 1845 526 1913 septemque
539 1836 818 1911 assurgitinulnas;
835 1854 871 1873 ⁴
1009 1837 1068 1894 333

87 1915 211 1992 Semper
223 1915 329 1991 hiems,
344 1933 459 1993 semper
472 1916 612 1993 spirantes
625 1913 730 1990 frigora
743 1914 832 1975 cauri.

87 1993 165 2052 Tum
181 1992 384 2071 Solpallantes
397 1993 477 2052 baud
490 2012 617 2070 unquam
630 1987 748 2053 discutit
760 1992 894 2067 umbras;
947 2041 955 2048 .

87 2071 152 2130 Nec
167 2091 259 2148 quum
271 2071 404 2130 invectus
414 2072 495 2149 equis
509 2071 598 2131 altum
608 2071 683 2150 petit
696 2071 813 2148 aetbera,
826 2090 883 2132 nec
896 2087 985 2150 quum

87 2149 270 2228 Praecipitom
285 2150 396 2209 Oceani
410 2149 495 2210 rubro
509 2151 579 2210 lavit
591 2168 706 2228 aequore
720 2169 844 2210 currum.

87 2229 286 2288 Concrescunt
298 2229 400 2287 subitae
415 2229 540 2289 currenti
553 2229 584 2287 in
597 2228 717 2288 flumine
731 2238 845 2306 crustae,
861 2234 888 2284 3
916 2267 919 2273 -
1011 2232 1070 2288 360

87 2307 232 2384 Undaque
242 2310 305 2387 jam
318 2316 399 2385 tergo
412 2307 530 2367 serratos
545 2308 667 2367 sustinet
679 2308 773 2384 orbes,

87 2385 239 2463 Puppibus
251 2386 301 2443 illa
312 2383 393 2463 priris
406 2387 520 2463 patulis,
534 2406 613 2445 nunc
626 2386 740 2479 hospita
752 2386 904 2465 plaustris:
916 2429 918 2432 -

88 2463 216 2541 AEraqne
231 2465 377 2523 dissiliunt
390 2463 488 2542 vulgo,
502 2474 657 2543 vestesque
670 2474 817 2542 ngescunt

89 2541 211 2620 indutae,
226 2545 401 2620 caduntque
411 2543 560 2602 securibus
573 2543 693 2602 humida
705 2543 782 2620 vina,

87 2619 127 2679 Et
139 2629 208 2680 totae
223 2621 344 2680 solidam
357 2622 388 2680 in
403 2623 524 2697 glaciem
538 2621 650 2681 vertdre
663 2621 787 2700 lacuna,
895 2631 898 2634 ’
995 2624 997 2628 ’
1013 2625 1072 2682 303
1151 2639 1158 2649 ··

89 2698 233 2777 stiriaque
247 2701 371 2778 impexis
385 2700 513 2759 induruit
525 2701 641 2759 horrida
653 2699 758 2758 barbis.

89 2777 204 2837 interea
216 2787 276 2838 toto
289 2798 349 2837 non
361 2776 456 2837 secius
470 2783 536 2838 aare
549 2780 658 2856 ningit:

89 2857 240 2918 intereunt
253 2859 398 2935 pecudes3
420 2866 496 2916 stant
509 2858 683 2917 circumfusa
695 2857 805 2936 pruinis

89 2935 217 3013 Corpora
230 2956 336 3012 magna
347 2936 453 3010 boum'3
475 2936 663 3013 consertoque
676 2935 792 3013 agmine
805 2935 911 2996 cervis

89 3014 220 3092 Torpent
232 3015 310 3073 mole
322 3015 409 3090 nova,
424 3022 454 3073 et
467 3016 587 3074 summis
599 3017 651 3075 vix
664 3015 799 3076 cornibus
813 3013 937 3077 exstant.
1015 3015 1075 3074 370

89 3092 153 3152 Hos
166 3113 226 3151 non
239 3093 376 3152 immissis
391 3092 521 3170 canibus,
534 3113 595 3153 non
609 3093 737 3154 cassibus
747 3093 839 3171 ullis)

87 3171 264 3230 Puniceaevc
278 3173 387 3249 agitant
398 3172 519 3252 pavidos
528 3172 685 3232 formidine
698 3173 814 3250 pinnae3

90 3250 148 3309 Sed
161 3250 266 3310 frustra
279 3270 296 3309 o
317 3253 381 3331 posi
401 3256 442 3309 'm
457 3252 607 3311 trudentes
620 3259 737 3330 pectore
751 3259 880 3312 montem
909 3313 913 3320 ,

89 3328 262 3388 Comminus
276 3271 397 3390 obtrtmc
436 3338 449 3389 t
461 3329 546 3413 ferro,
561 3332 742 3410 graviterque
755 3331 894 3390 rudentes

89 3408 225 3485 Caedunt,
240 3416 271 3467 ct
280 3428 385 3487 magno
398 3408 459 3468 laeti
473 3408 598 3468 clamore
612 3417 765 3487 reportant
1016 3404 1076 3463 373

128 3486 189 3564 Ipsi
202 3487 232 3546 in
247 3487 369 3548 defossis
385 3483 528 3566 specubus
542 3507 644 3548 secura
657 3487 711 3547 sub
725 3487 783 3547 alta
838 3542 845 3557 ,

90 3565 157 3625 Otia
171 3575 261 3643 agunt
274 3567 358 3643 terrai,
373 3576 568 3661 congestaque
581 3567 692 3642 robora,
706 3573 839 3642 totasque

90 3643 254 3705 Advolvdre
268 3645 340 3705 focis
353 3646 458 3721 ulmos3
472 3647 590 3723 ignique
604 3644 721 3703 deddre.

91 3721 148 3784 Hic
161 3732 280 3861 noctepn
292 3723 362 3784 ludo
377 3725 496 3803 ducunt,
512 3734 541 3784 et
552 3724 657 3802 pocula
668 3723 730 3781 leti
