2400 4178
104 177 158 235 176
502 170 683 228 AENEIDOS

104 325 214 387 Navita
227 324 278 382 sed
293 323 379 383 tristis
393 323 537 381 nunchos
551 341 628 379 nunc
642 319 843 400 accipitillos;
947 332 950 337 '
1031 328 1095 386 ³1⁶

103 407 160 464 Ast
172 403 243 461 alios
256 403 342 479 longe
334 400 503 459 ·submotos
517 410 594 459 arcet
607 419 702 458 arena

105 482 224 556 AEneus,
239 481 356 540 miratus
369 479 459 555 enim,
474 488 625 556 motusque
638 478 772 554 tumultu,

105 562 172 636 Dic,
188 561 236 634 ait,
251 580 267 616 o
282 559 371 634 virgo,
386 559 457 635 quid
469 557 531 629 vult
545 577 701 615 concursus
716 558 752 615 ad
763 559 899 616 amnem?

106 639 223 711 Quidve
237 644 339 713 petunt
352 637 477 694 anima?
498 637 544 694 vel
559 656 616 713 quo
630 636 829 695 discrimine
807 654 885 714 ripas

105 717 163 775 Hae
178 718 218 774 liu
238 724 320 790 uunt,
334 715 392 772 illae
407 716 492 773 remis
506 716 579 772 sada
592 715 680 772 livida
693 716 830 773 verrunt?
1029 722 1095 777 820

106 794 165 854 Olli
178 738 359 853 sicqbreviter
371 794 429 853 sata
443 804 486 852 est
499 794 631 868 longaeva
644 794 796 851 sacerdos·
790 837 797 850 .

105 874 235 931 Anchisia
249 871 495 949 generate,dei1m
510 873 669 930 certissima
681 871 785 949 proles,

106 952 211 1043 Cocyti
225 961 326 1044 stagna
339 951 396 1008 alta
408 951 499 1023 sides,
516 951 701 1026 Stygiamque
714 949 860 1027 paludem,
935 968 942 979 ·

106 1027 146 1086 Di
161 1033 243 1108 cujus
253 1033 349 1108 jurare
364 1031 466 1087 timent
479 1038 508 1086 et
521 1028 619 1086 fallere
632 1048 750 1086 numen.

106 1106 182 1165 Haee
196 1109 298 1182 omnis,
313 1128 399 1184 quam
414 1108 516 1181 cernis,
531 1109 615 1183 inops
629 1107 834 1184 inhumataque
847 1106 930 1166 turba
941 1114 1006 1166 est:
1031 1113 1094 1168 325

106 1185 230 1244 Portitor
245 1187 302 1260 ille,
317 1187 450 1244 Charon:
476 1186 517 1258 hi,
532 1205 604 1260 quos
618 1185 700 1243 ιιιιιι
713 1186 800 1262 unda,
815 1185 927 1264 sepulti

105 1264 137 1321 N
138 1282 171 1321 ec
187 1266 261 1341 ripas
276 1265 357 1321 datur
370 1264 526 1322 horrendas
540 1274 570 1323 et
582 1283 668 1322 rauca
680 1264 788 1322 fluenta

106 1342 312 1419 Transportare
325 1339 414 1419 priris,
429 1340 515 1419 qudm
530 1342 646 1401 sedibus
660 1361 725 1401 ossa
738 1340 881 1418 quierunt

106 1421 231 1478 Centum
247 1430 340 1478 errant
354 1441 453 1497 anuos,
468 1422 646 1497 volitantque
660 1420 724 1477 haec
738 1420 833 1479 littora
846 1421 975 1493 circum;

106 1499 183 1556 Tum
198 1499 314 1556 demum
328 1499 443 1556 admissi
458 1509 557 1572 stagna
571 1507 705 1575 exoptata
714 1499 850 1557 revisunt.
1031 1504 1096 1559 330

105 1577 242 1634 Constitit
255 1577 384 1634 Anchisia
399 1587 486 1650 satus,
502 1585 533 1633 et
546 1577 667 1652 vestigia
677 1576 790 1653 pressit,

106 1655 201 1712 Multa
214 1664 327 1731 putans,
342 1664 505 1730 sortemque
520 1656 615 1712 animo
630 1656 779 1713 miseratus
792 1655 931 1733 iniquam.

105 1733 207 1791 Cernit
220 1733 260 1790 ibi
275 1741 401 1808 moestos,
417 1742 446 1790 et
459 1734 558 1791 mortis
571 1733 682 1791 honore
697 1741 837 1808 carentes,

106 1812 272 1887 Lucaspim,
288 1821 317 1870 et
331 1814 429 1889 Lyciae
445 1813 594 1870 duetorem
609 1812 708 1876 elassis
722 1813 870 1886 Orontem,

106 1890 188 1961 Quos
203 1891 288 1947 simul
304 1911 320 1947 a
333 1892 422 1970 Troja
437 1900 556 1949 ventosa
568 1911 621 1969 per
634 1911 748 1979 aequora
761 1897 859 1950 vectos

106 1968 210 2027 Obruit
224 1971 338 2044 Auster,
354 1971 428 2047 aqud
443 1990 491 2026 ιιι
492 1970 592 2028 olvens
606 1973 769 2045 navemque
782 1969 935 2047 virosque..

144 2047 226 2104 Ecce
241 2047 413 2123 gubernator
426 2067 489 2104 sese
503 2049 655 2104 Palinurus
670 2046 781 2123 agebat,

106 2125 166 2194 Qui
180 2124 291 2200 Libyco
305 2145 396 2216 nuper
410 2144 504 2198 cursu,
520 2126 588 2181 dum
603 2127 694 2182 sidera
709 2132 813 2198 servat,

105 2202 264 2261 Exciderat
276 2204 374 2281 puppi,
387 2203 489 2259 mediis
504 2202 635 2258 effusus
627 2222 656 2259 ιι
671 2203 764 2260 undis.
927 2274 931 2282 ⁵

105 2280 194 2337 Hunc
208 2280 298 2337 ubi
272 2300 320 2337 ιιι
336 2281 426 2337 multi
441 2288 575 2337 moestum
587 2281 743 2356 cognovit
734 2299 764 2337 ιι
778 2280 891 2356 umbra,

107 2358 155 2415 Sic
168 2358 247 2434 prior
260 2358 432 2434 alloquitur:
455 2357 531 2429 Quis
545 2370 583 2432 te,
598 2359 743 2434 Palinure,
758 2359 878 2417 deorum

105 2435 222 2512 Eripuit
246 2437 338 2512 nobis,
354 2437 509 2513 medioque
524 2436 578 2494 sub
593 2457 708 2514 aequore
722 2437 843 2496 mersit?

105 2513 163 2571 Dic
177 2534 245 2590 age;
267 2535 401 2592 namque,
416 2516 487 2572 mihi
501 2515 589 2573 fallax
603 2517 680 2574 haud
695 2513 760 2574 ante
776 2519 915 2594 repertus,

106 2592 172 2651 Hoc
186 2613 244 2651 uno
259 2613 395 2672 responso
410 2595 537 2652 animum
552 2594 657 2654 delusit
669 2595 786 2672 Apollo,

107 2671 167 2742 Qui
180 2672 240 2730 sore
254 2681 282 2731 te
285 2684 385 2751 ponto
398 2674 583 2748 incolumem,
598 2675 728 2767 finesque
742 2673 863 2732 canebat

41 2749 45 2755 ’
105 2750 270 2809 Venturum
284 2753 445 2811 Ausonios:
468 2772 505 2810 en
519 2752 584 2810 haec
597 2773 737 2829 promissa
749 2753 821 2810 fides
834 2752 898 2810 est?

106 2827 160 2886 Ille
175 2839 288 2887 autem
311 2832 417 2909 Neque
432 2841 460 2888 te
473 2831 578 2888 Phoebi
590 2832 699 2890 cortina
705 2831 822 2923 fefellit,

105 2906 175 2964 Dux
190 2909 375 2982 Anchisiade,
391 2928 445 2965 nee
460 2928 508 2966 me
523 2910 594 2965 deus
609 2927 723 2982 oequore
738 2909 844 2967 mersit.

105 2985 136 3043 N
138 3005 241 3061 amque
255 2985 460 3060 gubernaclum
475 2987 566 3043 multi
580 3005 609 3042 vr
601 2983 694 3043 sorte
709 2986 865 3064 revulsum,

105 3063 162 3120 Cui
177 3063 259 3119 datus
273 3062 418 3119 haerebam
433 3072 539 3138 custos,
555 3083 712 3140 cursusque
727 3065 881 3142 regebam,-

105 3139 293 3215 Praecipitaus
307 3141 380 3198 traxi
393 3160 517 3198 mecum.
561 3143 655 3199 Maria
668 3161 768 3218 aspera
777 3145 848 3219 jum

105 3219 136 3277 N
138 3239 174 3276 on
188 3218 279 3277 ullum
293 3238 344 3296 pro
359 3238 405 3276 me
419 3227 528 3277 tantum
544 3221 655 3297 cepisse
670 3221 812 3313 timorem,

107 3295 203 3370 Quam
218 3307 328 3373 tuane,
343 3298 462 3375 spoliata
476 3300 570 3371 armis,
586 3318 708 3356 excussa
718 3300 865 3390 magistro,

106 3378 253 3436 Deficeret
266 3377 352 3435 tantis
365 3377 446 3435 navis
461 3377 641 3452 surgentibus
655 3377 749 3435 undis.

106 3456 180 3514 Tres
194 3457 290 3515 Notus
304 3456 460 3514 hibernas
452 3476 597 3514 immensa
609 3476 661 3533 per
675 3476 789 3533 aequora
802 3467 903 3520 noctes

106 3534 198 3593 Vexit
212 3555 259 3593 me
273 3535 417 3594 violentus
432 3537 524 3612 aqui:
546 3537 596 3593 vix
610 3536 720 3594 lumine
735 3545 833 3614 quarto
897 3609 899 3613 ,

106 3613 248 3689 Prospexi
263 3613 385 3690 ltaliam,
398 3614 508 3672 summi
523 3615 653 3672 sublimis
667 3614 702 3672 ab
716 3617 804 3674 unda.

107 3690 250 3750 Paulatim
265 3658 431 3752 adnabaint
419 3701 519 3752 terrae:
536 3696 598 3772 jam
612 3702 673 3753 tuta
686 3695 840 3803 tenebam3
