2400 4178
403 196 406 201 ’
431 202 437 211 ’
507 202 623 258 LIBER
641 202 679 257 Π.
708 241 710 245 -

107 351 166 422 Qui
180 370 257 409 nuuc
273 350 410 409 extremis
424 351 502 408 Asiae
515 353 577 428 Jam
591 351 726 410 victorin
739 353 797 412 oris

107 429 261 486 lmbellem
276 429 379 487 avertis
392 429 534 486 Romanis
549 429 662 487 arcibus
677 431 792 488 Indum.

108 508 203 580 Salve,
219 527 323 582 magna
335 526 439 584 parens
452 506 577 583 frugum,
594 507 727 565 Saturnia
739 509 834 584 tellus,

106 587 217 660 Magna
227 586 338 642 virum:
360 585 412 642 tibi
426 604 471 652 res
485 586 612 661 antiquae
627 585 720 643 laudis
734 595 763 644 et
777 588 843 646 artis

107 663 265 738 Ingredior,
280 673 392 721 sanctos
407 682 494 720 ausus
508 662 655 731 recludere
668 663 781 738 fontes3
832 703 834 706 -

107 744 315 816 Ascraeumque
329 761 401 798 cano
393 739 549 799 Romana
561 761 615 818 per
628 742 735 818 oppida
749 762 875 801 carmen.

145 819 176 876 N
177 838 233 876 unc
247 820 327 876 locus
342 839 473 877 arvorum
487 820 629 895 ingeniis·
652 839 716 896 quae
731 821 833 879 robora
845 821 959 898 cuique,

108 897 183 966 Quis
197 897 285 972 color,
303 906 331 955 et
340 917 421 992 quae
425 899 462 955 sit
475 897 560 955 rebus
574 906 676 955 natura
689 897 822 959 ferendis.

106 975 247 1033 Difficiles
261 975 387 1051 primum
402 984 494 1049 terrae,
509 974 656 1051 collesque
670 977 802 1052 maligni,

107 1053 217 1109 Tenuis
231 1053 281 1111 ubi
295 1053 401 1127 argilla,
417 1061 447 1110 et
460 1053 588 1110 dumosis
603 1052 731 1111 calculus
746 1055 830 1131 arvis,

35 1163 37 1165 ·
107 1129 238 1187 Palladia
252 1132 379 1205 gaudent
393 1130 505 1188 silva
478 1132 588 1188 vivacis
602 1131 723 1188 olivaes
871 1136 876 1140 ’

108 1208 219 1265 Indicio
234 1216 278 1264 est
292 1215 384 1271 tractu
396 1227 515 1282 surgens
529 1208 651 1266 oleaster
665 1193 767 1267 eodem

106 1286 265 1377 Plurimus,
278 1293 307 1342 et
320 1286 399 1343 strati
413 1285 509 1342 baccis
523 1286 700 1343 silvestribus
715 1289 783 1362 agri.

106 1367 146 1421 At
159 1383 223 1440 quae
237 1364 352 1498 pinguis
366 1364 481 1437 humus,
496 1363 630 1439 dulcique
641 1364 750 1439 uligine
764 1365 838 1440 laeta,

108 1441 251 1517 Quiquef
249 1461 371 1535 sequens
385 1442 482 1498 herbis
496 1450 525 1499 et
538 1441 637 1499 sertilis
651 1440 739 1500 ubere
753 1462 881 1520 campus,

107 1520 231 1590 Qualem
243 1538 321 1597 saepc
336 1521 407 1577 cavd
422 1520 526 1578 montis
540 1520 672 1577 convalle
687 1520 812 1579 solemus
929 1581 932 1586 ,

106 1599 274 1673 Dispicere;
297 1599 354 1655 huc
368 1599 486 1661 summis
500 1598 646 1690 liquuntur
660 1599 776 1675 rupibus
791 1619 900 1676 amnes,

106 1677 294 1750 Felicemque
308 1675 424 1733 trahunt
436 1676 556 1747 limum;
578 1677 684 1752 quique
697 1677 790 1761 editus
804 1687 909 1754 austro,
945 1741 950 1750 ,
975 1679 977 1683 ’

107 1754 148 1820 Ει
163 1754 268 1810 filicem
283 1754 377 1810 curvis
391 1754 513 1811 invisam
526 1755 618 1830 pascit
632 1756 746 1811 aratris:
950 1762 955 1770 '

107 1831 165 1887 Hic
179 1831 232 1888 tihi
246 1832 413 1922 praevalidas
428 1831 497 1887 olim
511 1832 658 1907 multoque
671 1832 793 1890 fluentes

108 1909 237 1966 Sufficiet
251 1909 371 1966 Baccho
385 1910 475 1981 vites;
497 1909 545 1965 hic
560 1908 660 1967 fertilis
674 1929 747 1983 uvae,

106 1987 165 2044 Hic
179 1988 281 2061 laticis,
297 1988 412 2063 qualem
426 1987 531 2078 pateris
542 1987 664 2045 libamus
679 1996 708 2044 et
721 2007 799 2062 auro,

106 2065 221 2122 inflavit
234 2085 322 2140 quum
335 2066 449 2141 pinguis
459 2065 534 2123 ebur
547 2063 715 2141 Tyrrhenus
730 2067 766 2122 ad
780 2085 851 2141 aras,

107 2143 252 2201 Lancibus
267 2152 295 2201 et
308 2145 410 2236 pandis
424 2143 572 2201 sumentia
576 2144 730 2200 reddimus
736 2153 811 2201 exta.

108 2222 159 2278 Sin
174 2231 303 2279 armenta
316 2218 407 2313 magis
421 2221 547 2281 studium
560 2221 722 2296 vitulosque
737 2221 820 2293 tueri,

106 2302 166 2358 Aut
180 2300 264 2358 soetus
278 2300 385 2373 ovium,
401 2310 449 2357 aut
462 2307 577 2356 urentes
591 2299 668 2357 culta
681 2300 825 2376 capellas;

108 2378 203 2435 Saltus
218 2386 246 2435 et
260 2378 347 2434 saturi
360 2377 450 2453 petito
464 2377 620 2452 longinqua
633 2378 761 2452 Tarenti,

106 2456 148 2511 Et
163 2455 277 2529 qualem
291 2455 394 2512 infelix
407 2455 501 2512 amisit
514 2455 637 2512 Mantua
651 2474 793 2531 campum,

106 2532 323 2588 Pascentem'
295 2551 395 2588 niveos
409 2531 532 2589 herboso
546 2532 665 2589 flumine
680 2551 795 2607 cycnos

106 2609 137 2666 N
138 2628 175 2665 on
190 2608 291 2700 liquidi
305 2608 438 2681 gregibus
451 2609 554 2682 sontes,
569 2628 627 2666 non
641 2609 778 2685 gramina,
793 2610 932 2682 deerunt;

107 2687 148 2743 Et
161 2683 299 2761 quantum
313 2685 406 2759 longis
421 2693 538 2760 carpent
553 2695 683 2742 armenta
703 2687 813 2760 diebus,

108 2765 225 2839 Exigua
239 2760 350 2821 tanturn
364 2762 476 2836 gelidus
490 2781 536 2818 ros
550 2770 635 2819 nocte
650 2771 777 2838 reponet.

146 2843 185 2900 N
179 2861 239 2917 rgra
252 2838 323 2913 fere,
338 2848 367 2897 et
380 2859 479 2917 presso
492 2841 607 2916 pinguis
621 2839 674 2897 sub
688 2859 804 2898 vomere
818 2837 902 2916 terra',

107 2923 148 2979 Et
161 2921 208 2978 cui
221 2928 304 2996 putre
318 2919 411 2976 solum
429 2916 568 2994 (namque
582 2917 638 2975 hoc
652 2918 796 2984 imitamur
810 2917 944 2997 arando),

108 2999 225 3075 Optima
238 2998 405 3068 frumentis;
427 3016 485 3053 non
499 2996 558 3053 ullo
570 3015 608 3052 ex
622 3015 735 3071 aequore
749 3015 851 3054 cernes

108 3078 194 3134 Plura
208 3076 325 3133 domum
339 3075 426 3133 taidis
440 3073 581 3132 decedere
595 3073 720 3149 plaustra
729 3075 882 3151 juvencis:

107 3158 167 3214 Aut
180 3155 257 3211 unde
272 3155 358 3211 iratus
374 3153 475 3210 silvam
490 3153 608 3209 devexit
621 3161 722 3226 arator,

107 3235 148 3291 Et
161 3252 279 3290 nemora
293 3231 395 3289 evertit
408 3230 534 3288 multos
526 3249 630 3304 ignava
643 3250 695 3305 per
708 3249 808 3305 annos,

106 3312 306 3386 Antiquasque
321 3310 422 3366 domos
436 3309 532 3366 avium
546 3327 613 3365 cum
627 3307 783 3384 stirpibus
775 3307 841 3366 rmis

108 3389 211 3447 Eruit:
233 3388 291 3445 illae
306 3386 394 3444 altum
409 3387 484 3443 nidis
498 3383 607 3462 petiere
622 3385 745 3459 relictis;

106 3469 148 3524 At
161 3466 238 3523 rudis
253 3465 356 3523 enituit
368 3464 491 3539 impulso
504 3482 622 3521 vomere
638 3471 765 3555 campus

106 3545 185 3604 Nam
195 3545 296 3620 jejuna
309 3541 427 3618 quidem
440 3542 540 3600 clivosi
554 3542 650 3616 glarea
663 3542 735 3599 ruris

107 3622 168 3679 Vix
182 3621 306 3679 humiles
320 3619 421 3696 apibus
434 3621 525 3677 casias
539 3637 689 3694 roremque
703 3617 863 3689 ministrat3

108 3700 149 3759 Et
161 3699 266 3777 tophus
279 3697 389 3806 scaber,
400 3705 430 3756 et
442 3698 530 3772 nigris
544 3715 632 3756 exesa
642 3695 789 3773 chelydris
