2400 4178
411 193 717 285 ,monas
840 174 888 257 ff
1025 208 1081 270 are

107 357 196 418 Hunc
209 366 305 436 tegere
319 367 349 420 et
360 355 429 419 dhe
443 357 555 418 valeam
568 358 728 420 subducere
740 361 854 438 pugne.
1043 367 1082 422 50

39 461 48 477 ·
107 438 163 498 Est
176 439 327 515 Amathus,
341 436 385 496 eat
397 437 476 497 celsa
488 439 560 498 mihi
571 439 698 517 Paphus,
713 448 799 517 atque
813 439 949 518 Cythera,

108 517 264 595 Idaliaeque
277 518 397 592 domum
414 517 515 600 positis
528 517 666 594 inglorim
679 519 764 577 armis
797 553 799 557 ν

107 596 215 672 Exiget
228 595 277 654 hic
292 615 404 656 aevum:
418 596 530 673 'magns
544 597 652 656 ditione
661 596 762 678 jubeto
862 610 865 616 '

108 674 251 751 Carthago
264 683 376 753 premat
386 675 569 751 Ausoniam
588 676 661 735 nihil
675 676 791 736 urbibus
805 677 874 736 inde
1017 720 1021 728 -

108 753 239 813 Obstabit
252 755 356 832 Tyriis.
397 753 478 826 Quid
490 763 601 833 pestem
614 756 736 814 evadere
749 755 819 814 belli
1044 759 1082 814 dd
1151 817 1157 824 ,

106 833 196 909 Juvit,
210 841 239 891 et
251 833 401 911 Argolicos
414 833 543 892 medium
554 833 662 909 fugisse
676 854 731 911 per
741 835 833 912 ignes,

107 912 222 989 Totque
236 914 322 971 maris
335 919 482 988 vastaque
496 911 635 970 exhausta
646 914 775 990 periculo
787 922 879 989 terrae,

106 991 187 1047 Dum
201 992 317 1049 Latium
332 990 438 1049 Teucri
451 990 633 1068 recidivaque
648 991 788 1067 Pergama
800 994 952 1069 quaerunt?

107 1069 176 1127 Non
191 1071 278 1129 satius
292 1071 403 1128 cineres
416 1070 514 1146 patriae
528 1069 668 1128 insedisse
682 1088 840 1148 supremos,

106 1150 203 1224 Atque
218 1148 311 1207 solum
325 1167 382 1224 quo
396 1148 484 1226 Troja
496 1148 569 1206 fuit?
609 1148 760 1207 Xanthum
774 1156 803 1208 et
818 1149 966 1209 Simoenta
1044 1152 1081 1206 60
1095 1189 1110 1198 ‚,
1135 1145 1137 1155 '

102 1223 221 1302 Redde,
236 1246 295 1303 oro,
308 1227 439 1300 miseris,
459 1227 621 1304 iterumque
634 1227 780 1286 revolvere
794 1247 878 1287 casus

107 1307 164 1380 Da,
178 1315 267 1384 pater,
283 1305 388 1365 Iliacos
401 1305 530 1364 Teucris.
572 1306 649 1364 Tum
663 1306 742 1383 regia
753 1307 839 1382 luno,

107 1387 182 1443 Acta
194 1385 288 1444 lurore
299 1385 399 1462 gravi:
422 1384 501 1455 Quid
514 1402 561 1442 me
575 1385 632 1444 alta
643 1385 757 1444 silentia
770 1385 849 1462 cogis

107 1465 265 1542 Rumpere,
280 1473 309 1523 et
322 1463 478 1524 obductum
491 1462 585 1522 verbis
598 1463 716 1540 vulgare
729 1463 878 1522 dolorem?

108 1543 221 1601 AEnean
235 1543 384 1601 hominum
397 1544 549 1621 quisquam¹
560 1543 698 1601 divdmve
712 1543 826 1619 subegit
1030 1602 1036 1609 ,

107 1622 191 1679 Bella
204 1624 297 1699 sequi,
311 1631 361 1680 aut
374 1622 487 1680 hostem
500 1620 561 1698 regi
574 1641 607 1681 se
619 1622 723 1681 inferre
737 1622 861 1681 Latino?
976 1687 983 1703 ‚
1018 1603 1034 1685 l

108 1700 221 1758 Italiam
235 1701 299 1760 satis
311 1701 395 1778 petiit
408 1700 580 1776 auctoribus,
595 1710 666 1776 esto,
1008 1721 1017 1745 ³
1143 1769 1146 1778 ¹

108 1779 276 1838 Cassandrae
289 1779 431 1858 impulsus
444 1779 534 1837 furiis
575 1781 656 1838 Num
670 1779 800 1857 linquere
814 1787 906 1839 castra
981 1796 1025 1858 pa„

108 1858 224 1917 Hortati
237 1866 411 1935 sumus,.aut'
420 1858 507 1917 vitam
522 1859 700 1918 committere
712 1858 829 1916 ventis?
973 1873 1004 1942 ,qr
1013 1869 1025 1925 :ss

107 1937 189 1995 Num
203 1957 293 2015 puero
307 1955 449 2008 summam
463 1937 542 2013 belli,
556 1955 625 1995 num
640 1937 755 1996 credere
769 1938 886 1997 muros?
955 1931 1022 2015 Alf-‘¹
1055 1946 1108 2002 70*

108 2016 325 2093 Tyrrhenamve
339 2017 426 2075 fidem
441 2011 489 2075 a'ut
501 2023 602 2092 gentes
615 2017 721 2093 agitare
735 2015 846 2110 quietas
857 2019 884 2083 ἓ,
936 2037 982 2106 μ’
992 2043 1014 2093 ,q

109 2095 183 2166 Quia
197 2097 268 2154 daus
281 2096 311 2154 in
325 2095 463 2172 fraudem,
477 2113 541 2173 quae
556 2095 628 2153 dura
640 2102 769 2173 potentia
780 2097 874 2155 nostri.

107 2175 197 2251 Egit?
217 2175 267 2234 ubi
279 2173 329 2234 hic
341 2177 428 2252 Juno,
442 2175 603 2233 demissave
616 2175 741 2233 nubibus
756 2175 830 2233 Iris?
940 2174 956 2181 ”
970 2170 1004 2234 l

108 2253 262 2330 Indignum
275 2263 319 2314 cst
333 2254 420 2314 Italos
434 2255 552 2332 Trojam
566 2255 741 2313 circumdare
754 2253 880 2314 flammis
957 2294 979 2320 12.

107 2332 139 2390 N
140 2341 295 2407 tacentem,
310 2342 340 2392 et
351 2333 443 2411 patria
457 2333 589 2390 Tumum
603 2333 759 2392 consistere
772 2333 857 2410 terra,
877 2394 884 2413 „
1050 2339 1097 2395 '15'

108 2411 164 2469 Cui
178 2411 328 2469 Pilumnus
343 2432 422 2487 avus,
436 2411 485 2469 cui
497 2411 565 2469 diva
577 2411 695 2470 Venilia
708 2421 816 2471 mater:

109 2488 188 2559 Quid
201 2489 264 2546 face
277 2488 418 2566 Trojanos
431 2489 491 2546 aus
504 2489 564 2548 vim
576 2488 651 2547 serre
665 2490 785 2566 Latiale,

107 2569 186 2624 Arva
199 2567 292 2623 aliena
301 2569 371 2645 jugo
385 2584 524 2642 premere,
538 2575 623 2642 atque
637 2576 764 2627 avertere
776 2568 909 2646 praedas?

109 2645 188 2717 Quid
202 2663 315 2704 soceros
328 2644 433 2720 legere,
448 2653 478 2702 et
490 2645 606 2718 gremiis
619 2643 762 2704 abducere
774 2653 893 2723 pactas;
1022 2636 1028 2652 '

69 2758 71 2762 ,
107 2725 215 2783 Pacem
228 2742 308 2782 orare
322 2742 420 2798 manu,
435 2722 582 2800 praefigere
595 2722 739 2800 puppibus
753 2725 850 2782 arma?
935 2742 937 2746 ·
1047 2730 1084 2785 80

107 2804 154 2862 Tu
168 2812 250 2881 potes
264 2803 378 2862 AEnean
392 2801 523 2859 manibus
536 2800 697 2861 subducere
711 2801 840 2880 Grmfim,

106 2883 221 2961 Proque
234 2882 295 2940 viro
309 2881 444 2940 nebulam
459 2888 489 2940 et
500 2889 602 2940 ventos
616 2879 771 2940 obtendere
784 2881 901 2957 inanes3

107 2964 148 3021 Et
161 2971 241 3040 potes
255 2957 285 3019 iu
301 2961 421 3020 totidem
435 2959 558 3019 classem
572 2967 739 3019 convertere
752 2958 925 3041 Nymphas:

107 3042 138 3100 N
139 3062 170 3099 os
185 3040 291 3120 aliquid
304 3039 430 3100 Rutulos
443 3037 542 3098 contrd
552 3039 663 3118 juvisse
677 3039 833 3099 nefandum
847 3044 912 3100 est?

108 3121 216 3179 AEneas
229 3122 345 3197 ignarus
359 3119 455 3178 abest:
477 3119 593 3196 ignarus
607 3126 637 3177 et
650 3117 730 3178 absit
1043 3124 1092 3179 86Ἰ

108 3200 163 3257 Est
176 3199 294 3276 Paphus
309 3199 488 3276 Idaliumque
502 3196 564 3273 tibi,
579 3205 645 3256 sunt
657 3197 715 3256 alta
727 3197 872 3276 Cythera:

110 3278 189 3347 Quid
203 3278 348 3352 gravidam
359 3273 444 3335 bellis
456 3275 557 3335 urbem
571 3284 601 3334 et
614 3277 699 3335 corda
712 3296 813 3356 aspera
824 3281 937 3337 tentas?

108 3356 210 3419 Nosne
223 3355 275 3413 tibi
287 3354 380 3412 fluxas
393 3354 528 3432 Phrygiae
541 3373 587 3414 res
599 3362 709 3414 vertere
723 3352 812 3414 fundo

109 3435 275 3494 Conamur?
297 3434 370 3492 nos?
391 3451 428 3491 an
441 3435 559 3492 miseros
572 3434 622 3512 qui
634 3434 725 3493 Troas
735 3433 855 3494 Achivis

47 3536 49 3541 ⁴
109 3513 244 3592 Objecit?
278 3511 354 3583 Quae
367 3530 455 3570 causa
465 3511 520 3572 loit
531 3528 702 3590 consurgere
715 3513 745 3570 in
758 3527 838 3571 arma
1042 3517 1086 3574 aa

105 3593 313 3669 ¹Europamque
326 3590 493 3668 Asiamque,
507 3599 537 3650 et
548 3591 656 3651 l'oedera
668 3590 779 3650 solvere
790 3591 886 3650 furto?

108 3671 162 3731 Me
176 3671 250 3730 duce
264 3669 425 3728 Dardanius
441 3670 571 3763 Spartam
585 3667 761 3748 expugnavit
773 3668 905 3730 adulter?

108 3753 169 3812 Aut
181 3769 236 3829 ego
248 3748 306 3810 tela
314 3748 396 3861 ⁴qledi,
410 3747 504 3809 fovive
518 3747 653 3828 cupidine
665 3744 762 3807 belia?
