2400 4178
25 158 29 165 ¹
100 198 158 255 am
497 196 677 255 anemos

104 348 174 409 Non
188 347 243 427 ipsi
257 348 331 407 inter
343 366 384 423 se,
397 365 455 406 non
469 347 578 422 nubila,
591 366 649 405 non
663 364 741 405 mare
755 346 881 407 cedunt:

105 432 187 485 hnce
208 446 223 485 s
235 446 331 521 pugna
343 427 411 499 diu;
433 434 508 484 stant
521 426 628 484 obnixa
640 426 737 483 omnia
749 422 856 485 contrd.

107 506 174 565 Hau
208 506 288 565 ahter
301 506 432 582 Trojaure
447 505 525 563 acies
539 506 672 581 aciesque
686 505 796 563 Latinas

105 586 305 657 Concurrunt;
326 583 414 642 haret
427 584 502 661 pede
515 603 576 660 pes,
591 584 682 640 densu
717 602 755 641 ue
768 584 830 645 rim
842 582 896 643 vir.

146 667 185 721 At
218 672 276 721 arte
289 682 327 721 ex
340 661 407 737 alia,
421 664 478 739 qui
492 682 562 720 saxa
575 661 696 720 rotantia
718 659 765 721 ate

109 682 262 820 lmpulbrat
275 751 385 800 torrens
398 742 567 817 arbustaque
581 740 675 798 diruta
687 741 765 818 ripis,

105 818 241 896 Ilrcadas,
257 820 384 879 insuetos
394 820 469 879 acies
483 820 586 877 inferre
599 819 756 896 pedestres,

106 898 148 959 Ut
160 899 231 956 vidit
245 898 339 957 Pallas
352 898 435 957 Latio
449 899 515 956 dare
529 909 608 973 terga
621 898 746 975 sequaci,

109 981 217 1055 :lspcra
230 978 311 1053 queis
324 987 424 1035 natura
437 978 491 1035 loci
506 978 649 1035 dimittere
663 979 777 1055 quando
795 998 798 1005 ·

108 1057 203 1114 Srrasit
217 1076 323 1132 equos;
345 1076 433 1114 unum
447 1057 524 1133 quod
538 1056 622 1113 rebus
636 1065 722 1115 restat
735 1054 843 1131 egenis,

107 1136 194 1193 Nunc
208 1154 303 1213 prece,
318 1155 394 1193 nunc
409 1136 491 1195 dictis
505 1136 637 1193 virtutem
652 1137 784 1194 accendit
796 1134 920 1195 amaris:

147 1212 213 1286 Qud
228 1213 334 1291 lugitis,
349 1215 441 1271 socii?
461 1232 513 1293 per
527 1233 577 1272 ros
591 1223 621 1273 ct
633 1213 715 1273 sortia
728 1213 811 1290 facta,

108 1294 164 1351 Per
177 1293 258 1351 ducis
274 1294 400 1351 Evandri
414 1312 529 1367 nomeu,
545 1293 713 1370 devictaque
726 1292 811 1369 bella,

108 1374 254 1449 Spemque
267 1392 370 1447 meam,
384 1373 482 1449 patriae
496 1392 560 1449 quae
575 1392 650 1429 nuuc
665 1371 742 1430 subit
755 1370 859 1431 aemula
871 1370 966 1452 laudi,

111 1452 203 1509 l'idite
217 1470 253 1509 ne
267 1450 396 1529 pedibus.
438 1452 527 1509 Ferro
543 1452 699 1527 rumpenda
712 1469 764 1527 per
776 1450 874 1511 hostes

109 1531 163 1586 Est
176 1530 231 1604 ria,
245 1530 302 1606 qui
316 1529 418 1605 globus
432 1530 481 1588 ille
495 1530 585 1587 ririrm
600 1530 787 1588 densissimus
802 1537 903 1607 urget:

109 1608 173 1665 Hic
187 1628 237 1666 ros
252 1618 280 1666 et
294 1608 424 1666 Pallanta
437 1609 539 1667 ducem
553 1609 643 1686 patria
656 1608 714 1667 alta
726 1608 856 1687 reposcit.

107 1688 235 1745 Numina
249 1687 327 1744 nulla
340 1698 491 1764 premunt:
512 1688 624 1745 mortali
637 1707 771 1764 urgemur
784 1686 819 1745 ab
832 1688 918 1748 hoste

108 1766 264 1824 Mortales:
285 1766 403 1825 totidem
416 1766 499 1826 nobis
513 1767 674 1843 animaque
688 1785 853 1844 manusque.

108 1846 187 1903 Ecce
202 1846 287 1903 maris
300 1847 404 1922 magni
418 1846 525 1905 claudit
539 1865 591 1904 nos
604 1846 688 1905 obice
701 1853 823 1924 pontus;

108 1925 199 1985 Deest
207 1928 269 2004 jam
283 1934 357 1984 terra
368 1925 443 2001 tugae
456 1946 462 1982 :
483 1925 611 2003 pelagus,
626 1926 782 2004 Trojamne
793 1928 955 2061 petemus?

147 2004 220 2062 Haec
235 2005 282 2077 ait,
296 2012 325 2061 et
339 2005 450 2062 medius
464 2006 567 2062 densos
580 2005 738 2081 prorumpit
750 2004 779 2062 in
814 2013 900 2064 ostes.

108 2082 217 2141 Obvius
231 2083 298 2141 huic
312 2081 445 2160 primum,
459 2083 522 2141 satis
536 2084 675 2141 adductus
688 2083 802 2160 iniquis,

106 2160 155 2219 Fit
169 2163 282 2237 Lagus:
304 2161 390 2235 hunc,
405 2181 508 2236 magno
522 2161 602 2221 vellit
615 2162 683 2220 dum
696 2163 823 2239 pondere
836 2180 952 2241 saxum,

109 2240 215 2297 Intorto
230 2240 291 2315 figit
304 2239 371 2314 telo,
386 2240 550 2297 discrimina
563 2241 649 2299 costis

106 2317 164 2374 Per
177 2320 301 2375 medium
315 2317 371 2393 qui
386 2318 468 2394 spina
482 2318 569 2393 dedit,
583 2319 752 2397 hastamque
765 2326 895 2397 receptat

108 2396 227 2454 Ossibus
240 2397 406 2454 haerentem.
449 2397 544 2468 Quem
558 2417 615 2455 non
629 2417 715 2474 super
728 2406 849 2475 occupat
862 2396 974 2478 Hisbo,

108 2474 161 2531 lile
176 2476 290 2552 quidem
304 2475 359 2533 hoc
374 2494 508 2552 sperans;
530 2497 594 2534 nam
609 2477 704 2536 Pallas
719 2473 784 2535 ante
798 2485 943 2556 ruentem,

106 2554 185 2611 Dum
200 2554 274 2630 sun‘t,
289 2556 433 2613 incautum
448 2556 555 2613 crudeli
569 2564 658 2615 morte
672 2554 777 2614 sodalis
790 2587 795 2597 ·

107 2633 235 2711 Excipit,
251 2642 334 2710 atqrre
348 2654 446 2691 ensem
461 2634 570 2692 tumido
583 2635 612 2692 in
626 2635 762 2713 pulmone
775 2634 914 2693 recondit.

106 2713 185 2770 Hinc
200 2713 367 2771 Sthenelum
381 2713 461 2791 petit,
476 2722 505 2772 et
517 2714 616 2773 Rhoeti
630 2715 666 2772 de
680 2721 764 2790 gente
776 2712 892 2771 vetusti

106 2788 326 2867 Anchemolum,
341 2793 481 2863 thalamos
496 2812 594 2850 ausum
608 2792 747 2850 incestare
760 2809 903 2851 novercae.

106 2870 168 2927 Vos
182 2871 266 2928 etiam
281 2871 386 2945 gemini
400 2870 515 2928 Rutulis
529 2871 671 2929 cecidistis
684 2871 713 2928 in
729 2870 813 2944 arvis,
842 2868 845 2875 '

106 2948 227 3022 Daucia,
242 2949 346 3006 Laride
360 2948 574 3024 Thymberque,
589 2949 733 3007 simillima
745 2949 850 3026 proles,

107 3025 263 3083 lurliscreta
276 3027 343 3101 suis,
358 3034 508 3103 gratusque
520 3027 685 3104 parentibus
699 3047 792 3085 error:

106 3106 145 3161 ‚tt
158 3122 234 3161 nunc
249 3105 318 3161 dura
331 3104 410 3163 dedit
421 3105 504 3164 vobis
518 3107 680 3165 discrimina
693 3106 807 3165 Pallas:

106 3182 184 3240 Nam
198 3182 259 3257 tibi,
273 3181 432 3259 Thymbre,
447 3194 533 3262 caput
546 3185 709 3253 Evandrius
724 3184 840 3245 abstulit
852 3184 952 3263 ensi„

106 3261 151 3319 Te
166 3261 261 3319 decisa
274 3280 366 3336 suum,
381 3262 494 3338 Laride,
510 3265 628 3323 dextera
640 3264 758 3340 quaerit,-
943 3288 946 3293 ·

108 3340 353 3417 Semianimesque
366 3340 474 3400 micant
488 3342 577 3418 digiti,
590 3342 754 3419 ferrumque
766 3350 932 3405 retractant.
1010 3396 1015 3403 .
1049 3350 1053 3359 '

146 3420 271 3477 Arcadas
285 3439 421 3478 accensos
434 3421 554 3494 monitu,
568 3428 597 3479 et
609 3422 746 3498 praeclara
758 3429 874 3481 tuentes

107 3498 195 3556 Facta
208 3499 270 3574 viri,
285 3499 391 3557 mixtus
405 3499 485 3558 dolor
498 3508 527 3558 et
539 3499 630 3576 pudor
643 3508 733 3559 armat
744 3501 775 3559 in
788 3499 897 3561 hostes.

107 3576 184 3635 Tum
197 3576 292 3635 Pallas
305 3577 409 3655 bijugis
423 3578 578 3655 lugientem
592 3578 717 3638 Rhoetca
728 3586 832 3657 praeter
868 3620 883 3635 .

108 3654 246 3733 Trajicit:
268 3655 323 3714 hoc
337 3657 468 3733 spatium,
482 3664 651 3734 tantumque
665 3677 751 3715 morae
765 3657 820 3717 fuit
834 3656 896 3719 llo:

108 3730 153 3790 llo
166 3753 287 3811 namque
300 3734 398 3812 procul
411 3734 534 3793 validam
548 3736 690 3795 direxerat
702 3736 823 3812 hastam,
