2400 4178
106 225 162 284 ³]ss
505 221 688 286 AENEIDOE

109 382 184 454 Quae
199 399 276 439 nunc
291 376 395 437 deinde
407 396 487 437 mora
500 381 564 437 est?
585 388 634 437 aut
647 377 716 456 qnid
723 378 795 456 jem,
806 377 916 460 Τιιηιε,
928 386 1087 442 retum?

108 462 139 520 Ν
141 481 176 519 ou
192 479 285 530 cursu,
300 459 383 517 saevis
397 460 562 516 certandum
577 466 620 515 est
634 457 796 517 comminus
810 459 904 519 umis.
1026 463 1086 522 890

109 541 199 598 Verte
212 556 312 598 omues
325 545 383 596 tete
397 538 426 595 in
441 536 537 612 facies,
553 547 582 594 et
594 537 731 595 contrahe
742 536 882 615 quidquid

110 620 177 677 Sive
186 617 304 697 ,mimis
317 617 378 674 sive
392 625 460 691 arte,
476 616 574 690 vales;
595 623 663 692 opta
677 614 880 693 ardna'pennis

108 701 193 756 Astra
206 697 297 772 sequi,
312 695 497 772 clausumque
511 696 582 754 cavi
594 703 623 753 te
637 695 761 752 condere
773 695 857 753 teni.

108 776 171 850 llle,
187 783 272 852 caput
280 793 415 851 quassans
427 794 433 832 :
455 775 524 833 Non
538 791 586 832 me
599 781 649 832 tna
661 773 771 833 feruida
783 782 889 834 terrent
978 806 981 811 ·

108 856 202 929 Dicta,
216 856 316 926 ferox,
338 853 366 910 di
381 872 427 912 me
440 861 547 912 torrent
559 848 589 913 ot
600 853 712 930 Jupiter
724 852 823 912 hostis.

106 935 137 992 N
140 954 172 991 ec
186 934 267 1011 plura
281 932 392 1008 effatus,
407 952 507 990 saxum
521 931 715 1008 circumspicit
727 931 838 1008 ingens,

109 1013 216 1070 Saxum
230 1012 386 1087 antiquum,
401 1012 512 1087 ingens,
526 1031 628 1088 campo
642 1010 718 1088 quod
731 1009 802 1069 forte
813 1011 937 1090 jacebat,

107 1093 206 1149 Limes
220 1111 287 1167 agro
300 1092 419 1167 positus,
434 1092 513 1148 litem
528 1099 559 1147 ut
572 1090 746 1147 discerneret
760 1091 844 1149 arvis.

107 1169 166 1226 Vix
182 1170 252 1227 illud
268 1169 335 1227 lecti
348 1170 393 1227 bis
406 1188 458 1227 sex
472 1171 585 1227 cervice
599 1169 737 1242 subirent,

109 1249 215 1319 Qualia
228 1268 304 1305 nunc
318 1248 465 1305 hominum
480 1249 611 1325 producit
625 1267 743 1325 corpora
755 1247 848 1305 tellus.

108 1327 161 1385 Ille
176 1348 261 1384 manu
276 1338 386 1403 raptum
401 1328 511 1404 trepidi
524 1327 671 1403 torquebat
685 1328 713 1383 in
728 1325 850 1402 hostem,

107 1406 200 1463 Altior
213 1407 371 1481 insurgens,
387 1416 416 1464 et
429 1426 514 1464 cursu
529 1408 666 1480 concitus,
680 1406 773 1463 heros.

109 1485 166 1542 Sed
181 1504 273 1559 neque
287 1493 448 1543 currentem
464 1504 504 1560 se,
519 1504 572 1542 nec
587 1485 733 1560 cognoscit
747 1491 874 1559 euntem,

107 1563 307 1620 Tollentemve
322 1584 417 1637 manu,
432 1583 588 1640 saxumque
603 1564 728 1621 immane
742 1571 916 1622 moventem.
968 1581 970 1585 ’

108 1642 211 1699 Genua
225 1641 339 1714 labant;
361 1644 473 1717 gelidus
487 1643 632 1700 concrevit
645 1641 747 1719 frigore
761 1643 884 1717 sanguis.

107 1720 184 1776 Tum
198 1721 270 1797 lapis
284 1723 345 1797 ipse
359 1722 421 1797 viri,
436 1741 559 1780 vacuum
573 1741 625 1800 per
637 1721 723 1779 inane
736 1721 860 1796 volutus,

106 1799 136 1856 N
139 1819 171 1857 ec
186 1801 307 1875 spatium
320 1801 410 1858 evasit
423 1810 523 1875 toturn,
537 1819 592 1858 nec
644 1801 722 1858 rtulit
734 1801 832 1858 ictum.

106 1881 150 1935 Ac
164 1879 242 1936 velut
256 1879 285 1935 in
300 1880 417 1955 somnis,
432 1881 530 1938 oculos
544 1879 595 1936 ubi
619 1879 743 1954 anguida
754 1879 857 1957 pressit

106 1957 200 2015 Nocte
215 1958 306 2033 quies,
321 1961 515 2036 nequidquam
530 1959 628 2017 avidos
642 1958 796 2016 extendere
810 1976 911 2017 cursus

106 2037 191 2094 Velle
205 2037 344 2111 videmur,
361 2040 433 2095 etin
447 2039 549 2096 mediis
563 2038 710 2095 conatibus
725 2037 793 2113 aegri

107 2115 306 2189 Succidimus3
328 2135 386 2173 non
400 2117 497 2191 lingua
510 2117 596 2190 valet,
611 2135 668 2173 non
683 2135 800 2192 corpore
813 2125 889 2175 notae

108 2194 260 2252 Sufficiunt
273 2196 347 2252 vires
358 2215 366 2267 ;
387 2214 442 2253 nec
456 2214 513 2252 vox
527 2202 575 2252 sut
588 2193 676 2251 verba
689 2203 865 2271 sequuntur:

107 2273 155 2330 Sic
170 2274 278 2347 Turno,
293 2274 476 2351 quiscumque
489 2274 565 2331 viam
579 2273 683 2331 virtute
697 2275 807 2351 petivit,

106 2352 277 2409 Successum
292 2352 347 2409 dec
361 2352 421 2408 dira
435 2361 528 2428 negat.
571 2352 646 2409 Tum
661 2361 777 2429 pectore
791 2370 892 2412 sensus

105 2430 264 2487 Vertuntur
277 2432 357 2488 varii.
397 2431 522 2489 Rutulos
537 2431 683 2508 adspectat
695 2440 725 2489 et
737 2432 847 2508 urbem,

105 2509 323 2586 Cunctaturque
337 2518 425 2586 metu,
440 2511 585 2586 telumque
599 2511 703 2568 instare
717 2512 872 2586 tremiscit;

104 2588 135 2647 N
137 2607 170 2646 ec
184 2585 240 2666 qud
255 2608 287 2646 se
300 2589 410 2666 eripiat,
425 2607 479 2647 nec
493 2590 550 2667 qui
563 2589 593 2647 vi
607 2591 706 2649 tendat
718 2591 749 2648 in
762 2590 891 2667 hostem,¹

104 2667 170 2726 Nec
184 2685 282 2726 currus
295 2687 417 2746 usquam
430 2669 518 2744 videt,
533 2669 697 2744 aurigamve
711 2688 845 2728 sororem.

144 2745 299 2806 Cunctanti
312 2748 401 2806 telum
415 2748 525 2806 AEneas
539 2748 623 2806 fatale
638 2756 775 2823 coruscat,

107 2825 227 2884 Sortitus
240 2827 380 2885 fortunam
394 2828 494 2901 oculis,
509 2837 539 2885 et
552 2846 671 2903 corpore
685 2836 744 2886 toto

106 2904 229 2962 Eminus
243 2905 394 2981 intorquet.
437 2906 544 2963 Murali
557 2905 669 2963 concita
683 2925 832 2982 nunquam

106 2982 262 3040 Tormento
276 2985 317 3041 sic
331 3003 401 3042 saxa
412 2983 545 3059 fremunt,
559 3001 613 3041 nec
627 2983 746 3043 fulmine
761 2985 832 3043 tanti

105 3061 268 3118 Dissultant
281 3063 414 3139 crepitus.
456 3063 544 3121 Volat
558 3063 609 3120 atn'
623 3064 743 3122 turbinis
757 3065 845 3122 instar
913 3103 916 3107 ·

107 3137 239 3197 Exitium
253 3140 346 3197 dirum
360 3141 442 3199 haste
455 3140 568 3214 ferens3
590 3160 712 3218 orasque
727 3143 850 3201 recludit

108 3217 230 3293 Loricae,
245 3227 274 3276 et
286 3218 381 3295 clypei
395 3227 537 3278 extremos
552 3220 745 3297 septemplicis
760 3222 861 3280 orbes:

107 3296 165 3356 Per
177 3297 303 3355 medinm
317 3298 439 3355 stridens
452 3299 553 3357 transit
565 3297 665 3355 femur.
708 3299 814 3359 incidit
827 3301 901 3359 ictus
1007 3299 1009 3304 ’

109 3376 215 3450 Ingens
229 3377 265 3434 ad
278 3384 381 3434 terram
395 3376 539 3454 duplicato
552 3375 661 3454 poplite
675 3378 800 3437 Turnus.
907 3445 909 3447 g

110 3452 293 3531 Consurgunt
305 3456 413 3531 gemitu
427 3455 539 3532 Rutuli,
553 3464 686 3532 totusque
700 3459 823 3535 remugit

110 3532 197 3592 Mons
211 3531 329 3609 circium,
344 3544 373 3594 et
385 3554 487 3594 vocem
500 3532 557 3594 late
571 3554 689 3594 nemora
702 3537 758 3597 alta
770 3537 925 3596 remittunt

111 3609 175 3685 Ille,
189 3612 307 3671 humilis
321 3615 509 3692 supplexque,
521 3615 618 3673 oculos
633 3615 819 3694 dextramque
832 3620 1000 3695 precantem
1026 3616 1089 3674 ⁹80

110 3688 307 3750 Protendens:
330 3695 477 3772 Equidem
490 3694 591 3769 merui,
605 3712 660 3752 nec
673 3695 821 3774 deprecor,
836 3694 946 3774 inquit:

112 3763 202 3826 Uter²
216 3777 290 3828 qorte
303 3773 361 3829 trra
403 3772 505 3832 Miseri
518 3773 585 3834 tesi
599 3792 656 3852 qua
666 3773 792 3851 parentis
856 3790 859 3798 ’
