2370 4176
131 187 171 249 ὗ)
485 185 770 243 uuoeurcoeurl
842 140 849 156 Ι

136 339 327 416 Compleutur
337 334 486 412 vallesque
499 353 590 411 caste,
604 335 750 410 saltusque
763 333 906 469 profundi,
981 319 985 322 ⁴

136 416 177 476 Et
189 414 373 494 qudcumque
386 412 457 471 deus
471 410 581 471 circdm
595 421 681 488 caput
695 413 754 487 egit
787 421 929 471 onestum.

136 494 216 569 Ergo
230 489 282 551 rite
297 509 380 550 suum
393 490 511 549 Baccho
525 491 655 549 dicemus
669 490 808 547 bonorem
834 501 839 509 ·

125 569 318 631 -Carminibus
331 568 439 646 patriis,
453 566 607 643 lancesque
621 576 650 625 et
663 565 721 623 liba
734 565 878 639 feremus5
992 623 995 627 ,
1072 637 1078 646 ¹
1098 633 1102 639 ι

135 651 177 709 Et
190 648 291 708 ductus
305 663 395 704 cornu
409 643 496 704 stabit
508 663 589 703 sacer
601 644 699 702 hircus
714 644 750 701 ad
764 663 850 718 aram,
1056 649 1114 705 896

133 725 315 801 'Pinguiaque
328 723 358 781 in
372 720 497 781 verubus
510 722 680 781 torrebimus
694 730 762 779 exta
775 722 909 780 columis.

174 804 230 861 Est
243 802 330 861 etiam
343 799 393 858 ille
406 798 487 858 labor
499 800 632 859 curandis
645 799 751 857 vitibus
766 799 844 873 alter,

126 881 191 939 ·Cui
205 896 352 955 nunquam
367 877 502 935 exhausti
514 876 584 939 satis
596 886 659 948 est;
681 896 806 951 namque
820 895 905 935 omne
921 880 1075 953 quotannis

133 958 250 1033 Terque
264 963 422 1033 quaterque
435 956 529 1013 solum
543 955 743 1026 scindendum,
758 953 899 1029 glebaque
912 956 1003 1014 versis
1114 1012 1121 1025 ‚

133 1032 289 1093 AEternirm
302 1033 460 1109 frangenda
472 1031 648 1106 bidentibus,
663 1050 748 1089 omne
762 1031 917 1091 levandum
1055 1039 1113 1093 400

134 1113 249 1171 Fronde
264 1130 387 1169 nemus:
409 1111 483 1168 redit
496 1109 629 1184 agricolis
642 1110 722 1167 labor
736 1117 815 1167 actus
829 1111 859 1167 in
872 1111 982 1185 orbem,

134 1190 275 1266 Atquein
289 1208 320 1247 se
334 1207 387 1246 sua
399 1206 452 1264 per
464 1188 587 1263 vestigia
598 1187 723 1245 volvitur
737 1206 837 1245 annus.

173 1271 216 1325 Ac
226 1269 288 1344 jam
303 1267 372 1325 olim
388 1283 465 1325 seras
478 1267 574 1343 posuit
587 1285 677 1341 quum
690 1267 777 1322 vinea
789 1265 914 1340 frondes,

134 1345 270 1421 Frigidus
284 1352 313 1402 et
327 1343 407 1402 silvis
420 1344 517 1420 aquilo
532 1344 658 1402 decussit
671 1342 830 1416 honorem,

132 1423 198 1481 Jam
212 1431 274 1480 tum
288 1440 354 1482 acer
366 1440 449 1481 curas
461 1423 627 1479 venientem
642 1420 772 1477 extendit
785 1421 814 1476 in
829 1439 941 1479 anuum
1055 1426 1112 1479 405

132 1500 280 1573 Rusticus,
295 1509 325 1558 et
336 1518 424 1557 curvo
440 1499 555 1557 Saturni
568 1499 654 1555 dente
668 1497 796 1555 relictam

49 1648 52 1653 Ι
132 1578 318 1652 Persequitur
330 1576 418 1635 vitem
433 1577 593 1648 attondens,
608 1575 747 1650 fingitque
760 1577 897 1651 putando.

133 1655 246 1712 Primus
260 1654 379 1712 humum
393 1653 492 1728 fodito,
506 1653 614 1730 primus
629 1654 749 1712 devecta
762 1661 888 1711 cremato

131 1733 293 1806 Sarmenta,
308 1739 338 1790 et
350 1731 441 1790 vallos
454 1731 563 1809 primus
577 1730 630 1790 sub
644 1740 721 1789 tecta
733 1731 856 1789 referto:

132 1810 299 1869 Postremus
313 1811 422 1869 metito.
464 1811 516 1867 Bis
529 1810 636 1868 vitibus
649 1809 757 1884 ingruit
769 1810 888 1882 umbra;
1055 1815 1113 1868 410

132 1887 184 1946 Bis
199 1895 326 1964 segetem
339 1887 437 1946 densis
450 1887 596 1946 obducunt
610 1887 738 1945 sentibus
752 1888 868 1945 herbae:

132 1966 230 2024 Durus
243 1975 363 2043 uterque
377 1965 466 2024 labor.
508 1967 638 2024 Laudato
651 1965 875 2039 ingenuarum,

129 2043 281 2119 'Exiguum
294 2043 389 2102 colito.
430 2044 461 2103 N
463 2062 497 2102 ec
510 2062 568 2101 nou
582 2044 669 2118 etiam
684 2061 784 2118 aspera
797 2043 872 2100 rusci

124 2120 252 2191 ¹Vimine
263 2140 316 2198 per
329 2121 440 2195 silvam,
455 2127 484 2178 et
498 2121 567 2196 ripis
579 2119 704 2178 fluvialis
718 2121 827 2177 arundo

132 2198 269 2272 Caeditur,
284 2198 442 2274 incultique
457 2205 574 2255 exercet
586 2216 654 2255 cura
666 2198 768 2255 salicti.
1053 2204 1111 2258 415

23 2300 34 2309 .
130 2274 148 2332 J
149 2295 196 2332 am
208 2276 313 2335 vincte
326 2277 416 2350 vites,
421 2277 482 2352 jam
496 2275 600 2333 falcem
614 2274 728 2333 arbusta
740 2283 892 2351 reponunt,

130 2352 148 2410 J
149 2372 196 2409 am
209 2353 286 2412 canit
299 2361 443 2412 extremos
458 2352 570 2411 effoetus
583 2353 689 2419 vinitor
702 2362 802 2412 antes:

131 2430 318 2489 Sollicitanda
331 2439 432 2488 tamen
442 2430 537 2506 tellus,
550 2430 702 2507 pulvisque
717 2431 894 2504 movendus3

130 2508 173 2568 Et
182 2510 243 2586 jam
257 2509 377 2586 maturis
388 2509 560 2567 metuendus
572 2508 684 2585 Jupiter
694 2509 769 2567 uvis.

170 2584 362 2662 Consanos
375 2586 434 2644 ulla
448 2595 492 2645 est
505 2586 576 2644 oleis
590 2587 719 2646 cultura:
740 2606 836 2664 neque
850 2587 907 2645 illae
1052 2593 1110 2648 420

130 2664 307 2722 Procurvam
322 2672 494 2741 exspectant
505 2664 621 2740 falcem,
636 2675 798 2742 rastrosque
807 2676 937 2741 tenaces,

132 2741 232 2812 Quum
246 2742 337 2801 semel
351 2742 497 2801 haeserunt
511 2743 594 2817 arvis,
610 2763 750 2820 auresque
764 2744 899 2802 tulerunt.

131 2818 199 2895 lpsa
212 2820 280 2879 satis
294 2821 388 2895 tellus,
403 2840 492 2897 quum
506 2821 592 2878 dente
606 2822 763 2879 recluditur
775 2840 862 2895 unco,

130 2896 244 2969 Sufficit
257 2898 466 2971 humorem,.et
478 2899 609 2972 gravidas
622 2917 690 2955 cum
704 2916 823 2955 vomere
836 2897 941 2973 fruges.

130 2976 197 3032 Hoc
211 2975 349 3049 pinguem
364 2982 393 3031 et
405 2975 542 3049 placitam
557 2975 629 3032 Paci
642 2975 763 3032 nutritor
776 2975 892 3032 olivam.
1051 2981 1110 3037 425

116 3098 120 3103 .
170 3052 263 3108 Poma
276 3069 401 3126 quoque,
416 3059 449 3109 ut
461 3048 589 3127 primirm
603 3059 720 3110 truncos
734 3050 851 3110 sensere
863 3053 1004 3131 valentes,

110 3148 113 3153 ·
130 3127 171 3185 Et
183 3129 259 3198 vires
272 3126 401 3186 habuere
415 3147 491 3202 suas,
505 3129 541 3186 ad
555 3129 649 3187 sidera
661 3130 765 3205 raptim

130 3205 171 3262 Vi
183 3205 300 3281 proprii
313 3205 452 3280 nituntur,
467 3206 587 3282 opisque
601 3206 680 3264 baud
693 3207 792 3282 indiga
803 3216 917 3266 nostre.

129 3271 196 3343 Nec
211 3280 308 3341 minds
320 3282 432 3346 interea
444 3284 514 3341 ioetu
528 3303 632 3342 nemus
646 3303 733 3343 omne
747 3286 898 3361 gravescit,

132 3360 362 3437 sanguineisque
376 3361 485 3420 inculta
496 3362 602 3420 rubent
614 3362 721 3421 aviaria
733 3363 852 3437 baccis;
1049 3371 1109 3429 43⁰

130 3438 301 3498 Tondentur
314 3440 418 3515 cytisi,
438 3440 528 3497 taedas
541 3440 614 3498 silva
626 3440 683 3499 alts
696 3441 847 3517 ministrat,

129 3514 348 3593 Pascunturque
361 3518 443 3594 ignes
456 3518 599 3593 noctumi,
613 3527 643 3576 et
654 3518 766 3577 lumina
777 3519 912 3579 fundunt.
969 3569 974 3575 .

124 3593 172 3651 ‚Et
185 3594 316 3652 dubitant
328 3595 462 3653 homiues
475 3614 579 3668 serere,
594 3603 681 3672 atque
693 3599 863 3673 impendere
877 3602 996 3657 curam!

166 3670 251 3742 Quid
264 3674 373 3750 majora
386 3675 511 3750 sequar?
532 3673 635 3731 salices
649 3675 835 3753 humilesque
845 3677 975 3754 genista,
