2370 4176
511 183 626 240 LIBER
643 186 695 241 ΙΙΙ.

112 335 214 407 Quum
230 330 320 392 'medii
334 352 427 392 nexus
441 342 638 413 extremaeque
650 335 767 412 agmina
778 340 878 411 cende

114 415 280 488 Solvuntur,
295 413 447 489 tardosque
461 413 547 472 trahit
560 415 641 474 sinus
654 414 774 475 ultimus
787 410 880 477 orbes.

149 494 206 551 Est
221 493 308 551 etiam
323 491 373 549 ille
387 493 480 551 malus
494 493 625 550 Calabris
635 495 668 551 in
679 492 799 553 saltibus
813 497 925 574 unguis,
1034 500 1092 559 425

114 571 260 647 Squamea
273 571 450 629 convolvens
463 571 575 629 sublato
587 580 704 649 pectore
718 579 807 650 terga,

113 651 210 728 Atque
224 650 302 708 notis
315 648 432 724 longam
447 650 613 715 maculosus
627 650 783 727 grandibus
797 651 914 726 sivum,

114 728 183 804 Qui,
198 730 269 786 dum
285 747 386 795 amnes
398 728 454 785 ulli,
464 737 637 806 rumpuntur
650 728 787 805 sontibus,
798 739 832 793 et
844 732 915 791 dum

112 806 190 874 Vere
203 808 325 866 medent
336 808 394 865 udo
407 815 490 867 terra
504 826 538 865 ac
551 808 726 883 pluvialibus
741 810 859 885 austris,

114 887 223 963 Stagna
236 887 321 959 colit;
343 885 470 962 ripisque
482 886 615 944 habitans
630 886 678 944 hic
693 887 823 964 piscibus
837 897 927 948 atram
1031 896 1090 953 430

112 964 267 1045 {mprobus
281 964 438 1040 ingluviem
453 966 587 1042 ranisque
601 965 770 1042 loquacibus
785 969 891 1045 explet.

111 1043 269 1180 Posthuam
284 1052 391 1101 exusta
399 1044 492 1120 palus,
507 1052 647 1120 terraeque
662 1045 761 1103 ardore
776 1046 939 1123 dehiseunt,

111 1122 184 1181 Exs'
197 1124 220 1181 it
233 1123 262 1180 in
276 1124 398 1196 siccum,
414 1131 452 1196 et,
466 1122 644 1181 flammantia
657 1124 768 1181 lu'mius
780 1132 927 1201 torquens,

113 1201 203 1277 Saevit
215 1202 298 1276 agris,
314 1220 454 1277 asperque
468 1201 524 1275 siti,
540 1209 624 1278 atque
639 1203 791 1262 exterritus
803 1211 885 1281 aestu.

110 1280 143 1338 N
143 1299 160 1337 e
174 1281 248 1337 mibi
261 1289 322 1338 tum
336 1280 438 1337 molles
452 1279 507 1337 sub
522 1280 588 1338 divo
603 1299 721 1357 corpere
735 1300 862 1357 somnos,

110 1358 179 1417 Neu
193 1361 278 1417 dorso
286 1359 411 1417 nemoris
424 1359 513 1417 libeat
523 1359 650 1436 jacuisse
662 1378 715 1436 per
727 1359 841 1436 herbas,

111 1439 222 1514 Quum,
236 1438 338 1514 positis
351 1457 444 1495 novus
458 1438 581 1513 exuviis,
595 1437 760 1514 nitidusque
769 1439 902 1517 juventi,

110 1516 254 1590 Volvitur,
269 1524 327 1591 aut,
342 1515 451 1575 catulos
464 1517 549 1574 tectis
564 1524 612 1574 aut
625 1535 680 1575 ova
693 1516 868 1593 relinquens,

111 1596 226 1653 Arduus
240 1596 276 1652 ad
290 1596 390 1670 solem,
405 1602 435 1653 et
447 1594 553 1670 linguis
566 1596 656 1653 micat
669 1614 717 1654 ore
731 1595 872 1656 trisulcis!

149 1674 317 1731 Morborum
332 1677 447 1750 quoque
461 1681 489 1731 te
504 1693 605 1732 causas
620 1683 649 1733 et
662 1675 744 1750 signa
757 1676 876 1735 docebo.

111 1752 217 1846 Turpis
231 1772 300 1810 oves
314 1761 405 1810 tentet
418 1752 540 1828 scabies,
554 1753 605 1810 ubi
618 1753 736 1828 frigidus
750 1751 842 1812 imber

109 1830 204 1888 Altius
219 1831 254 1887 ad
267 1831 366 1889 vivum
380 1831 516 1907 persedit,
532 1840 562 1888 et
574 1831 689 1888 horrida
702 1851 776 1889 cano

111 1908 219 1966 Bruma
233 1909 316 1983 gelu;
337 1909 384 1965 vel
398 1928 487 1984 quum
502 1909 592 1966 tonsis
605 1909 701 1967 illotus
715 1909 838 1968 adboesit

112 1986 213 2060 Sudor,
229 1996 258 2045 et
271 1986 374 2043 hirsuti
388 1995 544 2044 secuerunt
557 2005 678 2063 corpora
690 2006 802 2064 vepres.

110 2064 253 2121 Dulcibus
264 2065 374 2121 idcirco
387 2064 482 2121 fluviis
496 2083 587 2140 pecus
601 2083 688 2123 omne
705 2065 834 2140 magistri

110 2142 307 2212 Perfundunt3
329 2143 449 2218 udisque
464 2143 537 2200 aries
551 2144 581 2200 in
595 2143 707 2218 gurgite
720 2144 797 2202 villis

111 2221 261 2294 Mersatur,
277 2221 439 2295 missusque
454 2222 582 2279 secundo
597 2221 697 2280 defluit
710 2223 805 2280 amni:

110 2302 168 2356 Aut
183 2308 296 2357 tonsum
311 2299 383 2356 tristi
397 2300 567 2375 contingunt
580 2319 684 2375 corpus
699 2302 826 2376 amurcri,

111 2377 149 2433 Et
163 2398 278 2453 spumas
293 2377 419 2435 miscent
432 2379 551 2452 argenti,
566 2378 689 2453 vivaque
703 2380 820 2454 sulfura,

111 2455 258 2532 ldaeasque
273 2456 365 2531 pices,
380 2464 409 2513 et
421 2457 544 2532 pingues
558 2457 687 2532 unguine
701 2476 792 2532 ceras,

111 2534 295 2610 Scillamquc,
311 2534 509 2611 elleborosque
523 2555 633 2611 graves,
648 2537 821 2612 nigrumque
833 2534 975 2595 bitumen.

108 2613 175 2670 Non
192 2623 287 2671 tamen
301 2613 362 2669 ulla
376 2611 467 2688 magis
481 2632 608 2691 praesens
621 2615 735 2671 fortuna
746 2613 877 2673 laborum
891 2622 944 2689 est,
1012 2650 1017 2661 ι
1067 2644 1072 2659 ·

110 2689 205 2761 Qualm
220 2692 243 2748 si
258 2693 322 2766 quis
336 2691 409 2748 ferro
419 2693 519 2769 potuit
531 2693 694 2750 rescindere
705 2710 854 2750 summurn

108 2770 221 2828 Ulceris
237 2790 285 2827 os:
308 2770 391 2827 alitur
404 2771 515 2846 vitium,
529 2771 658 2847 vivitque
672 2770 806 2845 tegendo,

108 2849 187 2904 Dum
203 2849 332 2905 medicas
346 2848 482 2906 adhibere
497 2869 598 2906 manus
610 2851 646 2906 ad
659 2849 780 2907 vulnera
794 2855 891 2925 pastor

108 2927 250 3002 Abnegat,
266 2936 314 2985 aut
327 2927 446 2984 meliora
460 2929 529 2985 deos
544 2931 625 2986 sedet
639 2927 735 2985 omina
748 2945 881 3003 poscens.
949 2968 952 2973 -

109 3006 188 3075 Quin
203 3007 300 3078 etiarn,
314 3006 373 3061 ima
386 3006 466 3063 dolor
479 3007 627 3064 balantirm
641 3007 739 3083 lapsus
754 3007 790 3063 ad
804 3025 870 3064 ossa

92 3139 95 3145 .
108 3084 207 3153 Quum
222 3084 299 3157 furit,
315 3092 401 3159 atque
416 3093 492 3142 artus
506 3086 669 3161 depascitur
683 3085 762 3143 arida
775 3084 873 3159 febris,

107 3162 219 3220 Profuit
232 3163 366 3220 incensos
381 3171 468 3220 aestus
482 3171 620 3237 avertere,
636 3172 666 3221 et
678 3164 753 3221 inter

108 3241 168 3298 lma
182 3241 266 3298 ferire
276 3241 359 3316 pedis
373 3242 522 3298 salientem
536 3242 676 3316 sanguine
689 3260 803 3315 venam,

107 3321 222 3378 Bisaltae
238 3339 295 3395 quo
310 3338 390 3376 more
404 3320 506 3393 solent,
522 3338 645 3396 acerque
660 3318 800 3394 Gelonus,

109 3400 207 3469 Quum
222 3398 295 3472 fugit
309 3398 338 3454 in
359 3397 534 3475 Rhodopen,
549 3406 636 3474 atque
651 3398 681 3455 in
695 3399 814 3477 deserte,
822 3395 970 3468 Getarum,

107 3478 146 3535 Et
158 3478 203 3534 lac
218 3484 386 3534 concretum
400 3495 468 3533 cum
483 3477 624 3550 sanguine
637 3483 717 3551 potat
729 3476 846 3552 equino.

145 3557 243 3626 Quam
257 3555 358 3632 procul
374 3552 516 3613 aut'molli
530 3555 687 3616 succedere
700 3549 807 3630 saepihs
820 3550 930 3608 umbrae

107 3633 231 3709 Videris,
247 3642 297 3691 aut
310 3652 437 3690 summas
452 3641 618 3709 carpentem
632 3629 764 3707 ignavius
778 3628 892 3704 herbas,

107 3712 337 3791 Extremumque
352 3705 446 3788 sequi,
460 3719 510 3771 aut
523 3712 619 3771 medio
632 3707 825 3789 procumbere
839 3724 942 3784 eampo
