2400 4178
392 550 869 735 AENEIDOS

289 890 504 965 LIBRI
554 886 973 963 DUODEOIM·

527 1066 732 1077 ——u—

472 1150 601 1210 LIBER
622 1150 792 1211 PRIMUS.

270 1284 314 1332 me
326 1298 373 1346 ego
384 1283 426 1347 qui
434 1284 557 1346 quondum
566 1281 661 1346 gracili
671 1282 812 1331 modulam
819 1285 900 1333 reond

274 1347 389 1403 Carmen,
400 1354 432 1405 et,
443 1360 559 1409 egressus
566 1343 647 1403 silvis,
659 1343 741 1391 uicina
748 1345 821 1407 coegi

273 1409 302 1455 Π
314 1408 429 1469 quemme
439 1408 513 1454 auido
524 1413 641 1468 parerent
649 1420 713 1452 arva
724 1405 817 1465 colono,

272 1468 378 1515 Gratum
388 1482 451 1530 opus
461 1468 598 1531 agricolis:
614 1474 641 1513 at
651 1466 851 1517 uestimentis
861 1469 955 1519 Martie

144 1589 236 1645 Anum
250 1586 402 1661 uirumque
417 1604 489 1642 enno
503 1583 599 1662 Trojae
613 1584 663 1660 qui
677 1585 785 1661 primus
800 1586 836 1643 sb
850 1589 908 1645 oris

146 1664 268 1738 ltaliam,
282 1663 339 1721 sato
353 1663 500 1740 profugus,
515 1663 637 1721 Lavinia
648 1664 736 1723 venit·

145 1743 263 1801 Littors.
305 1739 433 1800 Multum
447 1742 496 1799 ille
510 1750 540 1799 et
552 1742 635 1799 terris
650 1744 767 1800 ‘uetitus
780 1750 810 1800 et
823 1742 889 1818 ulto,

145 1820 186 1877 Vi
200 1820 348 1897 superum,
362 1840 446 1878 saeroe
463 1839 621 1877 memorem
634 1762 657 1878 1¹
654 1822 756 1878 uuonis
770 1820 808 1877 ob
821 1821 902 1903 iram

146 1898 243 1957 Mults
256 1918 372 1976 quoque
387 1907 416 1958 et
429 1899 506 1957 bello
519 1917 629 1976 passus,
644 1900 713 1956 dum
727 1900 864 1957 conderet
876 1898 989 1977 urbem,

147 1976 327 2054 Inferretque
342 1978 411 2035 deos
425 1978 528 2035 Latio:
550 1996 642 2051 genus
656 1977 733 2033 unde
747 1976 891 2051 Latinum,

146 2054 310 2132 Albanique
323 2063 428 2133 patres,
444 2062 528 2130 utque
543 2055 606 2111 alte
618 2054 724 2111 moenia
736 2054 849 2111 Romae.

186 2132 284 2207 Musa,
299 2133 372 2190 mihi
386 2151 487 2190 causas
501 2150 638 2205 memore,
653 2150 710 2207 quo
723 2131 842 2189 numine
856 2131 936 2209 laeso,

149 2210 266 2283 Quidve
280 2211 381 2268 dolens
394 2209 493 2284 regins
506 2208 593 2267 deirm
606 2216 648 2267 tot
661 2208 776 2267 volvere
790 2226 873 2268 cesus

148 2287 295 2364 Insignem
308 2288 415 2365 pietate
429 2288 533 2363 virum,
548 2294 591 2345 tot
603 2287 682 2344 edire
695 2287 817 2362 labores,

147 2366 192 2424 Im
214 2366 308 2424 ulerit.
350 2366 492 2424 Tentaene
506 2364 609 2424 animis
622 2365 787 2425 coelestibus
800 2366 870 2423 irae!

188 2386 266 2503 firbs
280 2444 398 2521 antique
410 2443 474 2520 suit,
487 2443 568 2521 Tyrii
581 2441 702 2502 tenuere
715 2444 821 2520 coloni,

149 2522 304 2599 Carthago,
319 2523 432 2582 Italiam
447 2531 546 2582 contre
559 2522 753 2601 Tiberinaque
766 2521 853 2600 longd

99 2650 110 2669 .
149 2601 241 2678 Ostie,
260 2602 341 2660 dives
354 2622 452 2681 opum,
466 2603 626 2680 studiisque
639 2603 795 2681 asperrime
806 2601 894 2675 belli;

150 2681 247 2751 Quum
259 2680 336 2739 Juno
346 2682 434 2740 fertur
446 2681 528 2740 terris
542 2701 570 2739 m
607 2677 633 2739 ‘s
647 2681 781 2740 omnibus
794 2700 881 2739 unem

148 2758 318 2819 Posthabitt
333 2760 457 2818 coluisse
472 2761 576 2817 Sumo:
618 2757 645 2816 ic
659 2759 736 2816 iilius
749 2776 836 2832 uma,

149 2836 210 2895 Hic
223 2855 323 2896 currus
336 2836 408 2896 fuit:
429 2838 486 2895 hoc
501 2856 621 2913 regnum
635 2836 690 2893 den
702 2833 835 2911 gentibus
848 2852 922 2911 esse,

152 2915 184 2973 Si
198 2915 254 2992 qud
268 2913 325 2972 sete
338 2915 442 2990 sinant,
452 2916 514 2992 jum
527 2923 590 2972 tum
604 2913 752 2989 tenditque
765 2910 911 2988 fovetque.

150 2992 324 3069 Progeniem
338 2992 389 3049 sed
403 2993 481 3050 enim
495 2992 622 3069 Trojano
637 3011 654 3048 n
667 2989 806 3065 sunguine
820 2990 889 3048 duci

151 3069 300 3144 Audierat,
313 3069 417 3146 Tyrias
431 3070 500 3127 olim
514 3088 579 3146 quae
593 3074 718 3125 verteret
730 3086 827 3141 urces3

152 3150 233 3208 Hine
245 3148 386 3226 populum
400 3145 456 3207 late
471 3166 579 3224 regem,
593 3145 726 3220 belloque
740 3144 907 3222 superbum,

152 3228 316 3287 Venturum
330 3225 444 3284 excidio
458 3225 577 3302 Libyae:
592 3224 640 3304 'sic
655 3223 771 3280 volvere
784 3221 900 3283 Parcus.

153 3306 189 3365 Id
202 3314 345 3379 metuens,
359 3305 522 3379 veterisque
536 3320 645 3361 memor
660 3301 794 3358 Saturnis
806 3300 876 3361 belli

153 3385 251 3443 Prinne
264 3382 341 3461 quod
355 3382 390 3440 ed
405 3381 524 3461 Trojem
536 3399 587 3456 pro
601 3379 674 3437 curis
688 3389 814 3453 gesserat
826 3381 922 3457 Argis,

153 3460 291 3521 Necdum
306 3462 391 3519 etiem
406 3478 499 3519 cerusae
514 3459 617 3528 irarum
632 3457 758 3535 saevique
772 3458 885 3518 dolores

154 3539 333 3599 Exciderunt
346 3541 442 3598 animo
455 3560 462 3597 :
483 3547 581 3596 manet
594 3536 651 3594 ulti
664 3547 762 3596 mente
775 3536 923 3617 repdstum

153 3619 300 3677 Judicium
313 3616 435 3695 Paridis,
450 3624 610 3696 spretaeque
624 3615 727 3696 injuria
739 3616 851 3695 sormae,
