2400 4178
106 202 145 261 16
457 194 745 253 GEORGICORUM

108 347 268 426 Deprensis
282 345 351 404 olim
365 344 449 404 stetin
462 344 606 403 tutissima
618 345 733 404 nautis:

109 426 191 485 lutus
205 445 236 484 se
250 425 322 484 vasti
336 425 457 483 Proteus
471 425 542 499 tegit
553 423 649 501 oinee
663 424 735 482 sui.

109 505 168 562 Hic
178 508 318 583 juvenem
332 502 361 559 in
376 502 492 561 latebris
506 520 639 559 aversum
653 519 671 559 s
683 501 795 559 lumine
807 501 951 581 Nympho

108 582 258 643 Colloeat:
281 582 342 657 ipsa
354 581 456 656 procul
470 579 585 637 nebulis
597 580 721 638 obscure
732 580 847 643 resistit.

107 660 172 717 Jam
187 660 302 737 rapidus
315 666 425 717 torrens
438 659 569 717 sitientes
584 658 675 717 Sirius
689 658 778 717 lndos
1031 668 1103 725 m

107 738 245 812 Ardebat,
259 736 333 795 eoelo
347 745 377 795 et
390 737 518 795 medium
532 736 574 794 sol
588 737 693 811 igneus
704 737 804 795 orbem

109 816 270 888 Hauserat;
293 815 410 873 arebant
423 815 531 888 herboe,
546 823 576 873 et
588 833 660 873 ears
671 815 793 873 flumina
804 815 893 875 sienis

108 894 256 952 Faucibus
271 893 306 951 ad
319 893 421 951 limum
434 893 506 952 radii
519 893 662 970 tepefacta
675 893 856 971 coquebant3

109 972 208 1042 Quum
221 973 343 1030 Proteus
356 981 496 1030 consueta
507 981 610 1048 petens
624 991 641 1029 e
654 972 790 1030 fluctibus
803 981 884 1032 ann·

109 1049 189 1123 lbat;
211 1071 278 1108 eum
300 1051 373 1108 vasti
387 1052 496 1109 circum
510 1069 581 1125 gens
595 1050 714 1108 humida
725 1051 809 1128 ponti
1032 1057 1102 1114 48⁰

108 1128 268 1187 Exsultans
283 1148 374 1186 rorem
389 1126 445 1186 latei
460 1129 594 1205 dispersit
606 1147 746 1187 umerum.

109 1207 248 1266 Sternunt
261 1227 292 1266 se
307 1226 409 1265 somno
423 1207 544 1264 diversae
558 1207 590 1264 in
602 1206 697 1265 littore
711 1208 824 1285 phoese.

110 1286 186 1362 lpse,
201 1287 282 1345 velut
295 1285 400 1344 stabuli
414 1294 511 1343 eustos
524 1286 554 1343 in
569 1286 717 1345 montibus
731 1287 811 1362 olim,

108 1363 222 1441 Vesper
236 1364 285 1422 ubi
299 1384 315 1421 e
329 1373 413 1440 pastu
427 1364 532 1422 vitulos
546 1366 582 1421 ad
596 1373 671 1423 teetn
684 1365 805 1439 reducit,

107 1444 281 1519 Auditisque
295 1443 383 1519 lupos
392 1450 501 1500 acuunt
513 1442 655 1500 balatibus
669 1443 745 1517 agni,
890 1440 894 1446 ’
1032 1448 1102 1505 485

107 1522 241 1579 Considit
254 1521 372 1597 scopulo
387 1521 510 1593 medius,
525 1538 735 1596 numerumque
749 1528 890 1579 recenset.

107 1599 201 1677 Cujus
215 1598 338 1656 Aristaeo
352 1598 488 1674 quoniam
502 1605 546 1655 est
559 1597 655 1656 oblata
666 1599 797 1674 facultas,
851 1625 856 1633 ·

107 1676 168 1733 vix
182 1677 294 1734 defessa
307 1696 407 1734 senem
421 1695 522 1752 pessus
537 1696 711 1753 componere
726 1677 864 1751 membre,

107 1755 184 1813 Cum
197 1756 323 1813 clamore
336 1756 393 1814 ruit
407 1775 520 1831 magno,
535 1757 713 1832 manicisque
723 1759 870 1835 jacentem

108 1833 249 1911 Occupat.
292 1835 355 1909 llle,
370 1855 430 1892 suae
446 1833 545 1893 contri
559 1855 617 1893 non
631 1836 782 1893 immemor
794 1834 874 1909 artis,
1033 1840 1102 1897 440

108 1912 214 1971 Omnia
227 1914 409 1971 transformat
422 1933 487 1971 sese
500 1915 530 1971 in
544 1914 683 1971 miracula
696 1933 801 1989 rerum,

108 1990 276 2068 lgnemque,
290 1992 515 2067 horribilemque
528 1993 628 2066 leram,
642 1992 819 2068 fluviumque
832 1992 1002 2067 liquentem.

107 2067 219 2127 Verrim
233 2069 284 2127 ubi
297 2070 376 2127 nulla
388 2070 485 2143 sugam
499 2071 606 2145 reperit
617 2070 749 2144 pellacia,
763 2071 857 2128 victus

107 2146 141 2206 ln
156 2167 218 2205 sese
233 2149 315 2222 redit,
330 2155 414 2221 atque
427 2147 552 2204 hominis
565 2148 682 2205 tandem
696 2166 745 2205 ore
758 2148 871 2205 loeutus
880 2167 899 2209 s,
948 2182 953 2188 ·

105 2225 137 2283 N
138 2246 183 2282 am
198 2227 261 2302 quis
276 2235 313 2299 te,
325 2227 467 2303 juvenum
478 2225 732 2299 confidentissime,
747 2234 857 2284 nostras
1030 2232 1100 2291 m

105 2303 122 2360 J
124 2305 195 2362 ussit
209 2304 287 2361 adire
302 2304 424 2360 domus?
444 2302 551 2378 quidve
565 2303 633 2361 hinc
646 2304 741 2379 petis?
762 2305 864 2382 inquit.
904 2305 946 2363 At
958 2302 1036 2365 illes

107 2383 179 2456 Scis,
194 2382 312 2455 Proteu,
327 2381 384 2438 scis
397 2380 478 2456 ipse3
500 2401 594 2458 neque
608 2390 652 2440 est
664 2390 694 2439 te
706 2382 805 2441 fallere
818 2383 995 2460 quidquam:

107 2461 165 2517 Sed
179 2469 209 2517 tu
224 2460 323 2517 desine
337 2459 432 2532 velle;
455 2459 542 2517 derim
556 2468 703 2537 praecepta
716 2463 810 2520 secuti

105 2538 248 2595 Venimus
262 2538 330 2595 hine
343 2537 430 2615 lapsis
444 2540 598 2614 quaesitum
612 2540 727 2597 oracula
739 2540 833 2600 rebus.

105 2614 232 2675 Tantrim
243 2615 356 2675 effatus.
398 2618 446 2675 Ad
456 2617 520 2675 haee
534 2626 614 2677 vates
627 2619 657 2677 vi
672 2619 796 2696 denique
809 2618 901 2680 multi
1028 2624 1098 2683 460

105 2696 247 2754 Ardentes
261 2696 360 2754 oculos
373 2696 485 2755 intorsit
497 2697 607 2756 lumine
621 2698 732 2774 glauco,

105 2773 154 2848 Et,
170 2777 291 2850 graviter
304 2776 449 2849 frendens,
464 2776 505 2833 sie
517 2776 582 2834 fatis
596 2797 646 2834 ora
659 2776 793 2836 resolvit:

144 2853 175 2911 N
176 2874 213 2911 on
227 2864 255 2912 te
269 2854 376 2911 nullius
390 2863 528 2912 exercent
540 2855 665 2912 numinis
679 2855 748 2926 irae3

104 2931 215 3006 Magna
228 2932 283 2989 luis
297 2932 467 2988 commissa:
489 2932 541 2988 tibi
555 2932 607 2989 has
621 2926 790 2989 miserabilis
805 2929 939 3007 Orpheus

106 3010 192 3066 Haud
207 3011 350 3084 quiquam
365 3008 402 3065 ob
417 3008 549 3066 meritum
564 3029 674 3086 poenas,
689 3009 719 3065 ni
733 3008 790 3066 sata
803 3010 946 3087 resistant,
1026 3018 1096 3075 455

107 3088 239 3160 Suscitnt,
254 3096 283 3144 et
296 3085 376 3162 rapti
390 3086 513 3160 graviter
524 3107 576 3163 pro
590 3090 714 3164 conjuge
728 3087 818 3144 sevit.

105 3165 160 3222 llla
173 3165 300 3241 quidem,
315 3165 383 3222 dum
397 3173 426 3222 te
439 3165 550 3240 sugeret
562 3184 614 3241 per
626 3165 745 3223 flumina
757 3185 899 3244 praeeeps,

105 3243 266 3302 Immunem
281 3251 347 3301 ante
359 3244 449 3320 pedes
462 3243 584 3319 hydrum
599 3244 734 3301 moritura
743 3244 840 3320 puella
853 3312 858 3324 ι

106 3323 274 3382 servantem
288 3321 364 3398 ripas
378 3323 435 3379 albi
448 3341 506 3379 non
519 3322 592 3380 vidit
604 3322 633 3379 in
648 3322 746 3379 berbi.

105 3404 145 3459 At
157 3401 261 3459 chorus
276 3400 394 3477 equalis
408 3401 556 3476 Dryadum
571 3400 694 3458 elamore
708 3394 858 3477 supremos
1025 3410 1095 3469 400

105 3477 266 3555 implerunt
280 3487 409 3536 montes:
431 3477 536 3536 fldrunt
548 3477 731 3554 Rhodopeiae
746 3498 834 3555 arces,

104 3557 228 3633 Altaque
241 3558 377 3633 Pangaea,
392 3565 422 3615 et
434 3556 527 3614 Rhesi
542 3557 685 3615 Mavortia
698 3558 792 3632 tellus,

104 3637 200 3711 Atque
215 3636 307 3710 Geta,
320 3645 404 3711 atque
419 3636 545 3709 Hebrus,
561 3643 590 3692 et
602 3637 701 3695 Actias
715 3636 857 3714 Orithyia.

106 3713 182 3790 lpse,
197 3713 268 3771 cavi
282 3714 377 3775 solans
390 3733 500 3791 agrum
514 3716 657 3774 testudine
671 3733 811 3791 amorem²
