2400 4178
104 213 142 272 10
465 204 748 269 mconoonmt

512 392 683 437 mandas.

105 459 194 535 Tum,
208 456 305 534 credo,
318 474 410 552 pm}
422 474 471 550 me
484 456 631 519 abusnm
643 453 745 515 videre
757 454 887 517 maenia

104 539 201 617 Atque
215 536 293 598 mali
305 542 381 617 utos
393 534 522 595 mordere
535 532 609 594 inice
623 534 761 597 novella.

519 670 681 710 nauffinna.

105 737 165 793 Aut
178 733 227 792 hic
242 734 278 792 ad
290 741 403 793 veteres
417 731 507 808 fagos,
521 751 610 809 quum
624 731 788 808 Daphnidis
802 750 900 793 arcum

105 813 231 888 Fregisti
245 820 274 871 et
288 811 432 884 calamos5
455 830 518 887 quae
532 818 573 886 tu,
587 829 722 888 perverse
736 809 883 889 Menalca,

104 892 154 966 Et,
170 911 258 967 quum
271 889 370 952 vidisti
382 908 472 967 puero
486 889 600 964 donata,
615 888 753 964 dolebas,
847 962 859 973 .

104 970 154 1045 Et,
170 970 266 1027 sinon
280 969 377 1046 aliqud
388 968 552 1044 nocuisses,
562 975 690 1026 mortuus
704 987 792 1027 esses.
838 974 844 980 '

512 1101 681 1144 nnnnncns.

106 1167 187 1240 Quid
200 1167 311 1225 domini
324 1164 439 1241 saciant,
455 1165 562 1222 audent
576 1184 664 1241 quum
677 1165 746 1225 talia
757 1164 857 1225 fines?

104 1247 135 1305 N
137 1266 175 1304 on
189 1264 243 1321 ego
256 1253 286 1304 te
299 1246 359 1316 vidi
375 1244 526 1319 Damonis,
541 1243 676 1320 pessime,
691 1263 808 1321 eapmm

105 1325 253 1401 Excipere
268 1325 389 1399 insidiis,
404 1320 526 1381 multdm
540 1323 660 1381 latrante
674 1324 821 1398 Lycisci?

104 1404 145 1462 Et
159 1423 246 1480 quum
261 1403 424 1477 clamarem,
448 1399 544 1472 “Qud
559 1421 637 1459 nunc
653 1421 684 1458 se
697 1402 817 1479 proripit
829 1402 902 1460 ille?

105 1483 215 1559 Tityre,
228 1500 305 1557 coge
319 1501 408 1558 pecus
418 1483 450 1553 ;”
471 1488 502 1538 tu
516 1489 581 1556 post
594 1489 706 1537 carecta
719 1480 836 1538 latebas.

518 1615 680 1654 nnumras.

104 1681 152 1737 An
165 1677 247 1752 mihi,
262 1677 404 1736 cantando
417 1678 519 1750 vietus,
534 1677 740 1757 nonredderet
755 1677 814 1755 ille,

107 1758 203 1828 Quem
217 1776 283 1814 mea
296 1755 472 1814 carminibus
487 1756 638 1813 meruisset
651 1756 755 1832 fistula
770 1761 908 1834 caprum?

109 1837 141 1894 Si
155 1837 259 1910 neseis,
275 1855 356 1892 meus
370 1835 419 1891 iile
434 1854 519 1911 caper
532 1834 603 1907 suit,
626 1845 654 1893 et
668 1836 739 1892 mihi
753 1837 868 1895 Damon

107 1915 173 1992 lpse
188 1913 338 1990 fatebatur,
353 1913 403 1971 sed
418 1914 538 1971 reddere
552 1933 637 1990 posse
652 1914 783 1990 negabat.

106 2111 257 2169 Cantando
271 2120 301 2168 tu
315 2110 406 2167 illum.
423 2152 430 2165 .
447 2151 454 2165 .
471 2112 482 2165 ?
505 2049 693 2186 dddbbbbbsm
708 2110 760 2167 tibi
774 2110 869 2168 fistula
882 2115 947 2170 ceria

105 2190 210 2246 Juncta
222 2188 302 2246 fuit?
324 2208 380 2245 non
395 2189 470 2245 tuin
484 2188 585 2261 trimis,
601 2186 725 2262 indocte,
741 2189 859 2251 solebas.

108 2266 245 2326 Stridenti
259 2267 395 2324 miserum
410 2265 514 2342 stipula
529 2267 693 2342 disperdere
708 2270 846 2326 carmen?

518 2402 678 2441 nnnrmrns.

105 2464 161 2522 Vis
176 2482 252 2539 ergo,
269 2463 420 2536 internos,
435 2461 504 2537 quid
512 2464 608 2538 possit
621 2471 750 2538 uterque,
765 2465 891 2522 vicissim

107 2541 323 2619 Experiamur?
345 2559 399 2615 ego
413 2539 488 2597 hanc
502 2541 621 2598 vitulam
641 2540 692 2618 (ne
706 2540 777 2600 fortd
793 2563 917 2622 recuses,

106 2621 159 2678 Bis
172 2619 253 2678 venit
267 2620 304 2677 ad
317 2620 477 2692 mulctram,
493 2618 576 2695 binos
590 2620 640 2678 alit
653 2620 741 2679 ubere
756 2621 854 2702 foetus)

106 2698 250 2776 Depono:
273 2706 304 2757 tu
319 2698 375 2774 dic,
390 2717 504 2755 meeum
518 2719 575 2774 quo
588 2700 712 2776 pignore.
722 2710 822 2759 certes.

511 2836 680 2874 nnnnncns.

107 2895 154 2952 De
168 2913 255 2970 grege
268 2915 326 2952 non
342 2895 432 2951 ausim
447 2896 602 2971 quidquam
617 2897 761 2972 deponere
775 2904 889 2955 tecum:
914 2900 918 2909 '

106 2973 162 3031 Est
175 2973 247 3031 mihi
261 2991 386 3049 namque
400 2973 478 3030 domi
491 2983 581 3049 pater,
596 2982 641 3031 est
654 2976 759 3052 injusta
774 2994 916 3050 noverea3

106 3052 216 3144 Bisque
230 3052 278 3108 die
292 3059 444 3108 numerant
458 3051 542 3108 ambo
556 3067 655 3128 pecus,
671 3054 740 3110 alter
754 3062 783 3111 et
795 3042 903 3113 haedos.

106 3130 227 3202 Verum,
242 3130 272 3186 id
286 3131 363 3205 quod
377 3125 467 3186 multd
482 3138 542 3186 tute
557 3131 619 3206 ipse
633 3130 759 3189 fatebere
773 3136 876 3212 majus,

107 3207 238 3266 Insanire
251 3207 322 3266 libet
336 3207 470 3285 quoniam
484 3209 546 3281 tibi,
560 3209 665 3285 pocula
677 3230 783 3286 ponam

107 3286 229 3362 Pagina,
244 3285 375 3346 caelatum
391 3287 482 3344 divini
495 3307 567 3364 ppus
581 3288 792 3348 Alcimedontis
804 3310 812 3363 ς
890 3350 897 3361 ,

106 3365 201 3424 Lenta
215 3365 320 3443 quibus
333 3374 415 3423 torno
429 3365 506 3422 sacili
520 3367 702 3444 superaddita
714 3369 781 3427 vitis

107 3443 238 3502 Diffusos
251 3445 359 3502 hedera
372 3444 459 3502 vestit
472 3445 597 3520 pallente
612 3446 772 3523 corymbos.

108 3523 143 3581 ln
157 3524 254 3581 medio
268 3524 325 3582 duo
340 3523 439 3598 signa:
461 3524 576 3600 Conon,
591 3534 641 3583 et.
658 3568 665 3583 .
680 3568 688 3583 .
706 3527 769 3602 quis
782 3526 837 3586 suit
850 3528 929 3605 niter,

107 3601 268 3679 Descripsit
281 3603 361 3661 radio
375 3610 466 3660 totum
480 3603 530 3679 qui
543 3603 676 3679 gentibus
690 3605 811 3679 orbem·;

107 3681 253 3757 Tempora
266 3700 330 3756 quaa
343 3699 461 3753 messor,
477 3702 540 3759 qnae
555 3703 658 3742 curvus
672 3693 764 3744 arator
776 3686 918 3747 haberet?

106 3759 242 3824 Necdum
256 3759 313 3820 illis
326 3759 406 3818 labra
420 3760 544 3843 admovi,
559 3763 611 3824 sed
624 3765 740 3828 condita
752 3785 845 3828 servo.
