<?xml version="1.0" encoding="UTF-8"?>
<!DOCTYPE html PUBLIC "-//W3C//DTD XHTML 1.0 Transitional//EN"
    "http://www.w3.org/TR/xhtml1/DTD/xhtml1-transitional.dtd">
<html xmlns="http://www.w3.org/1999/xhtml" xml:lang="en" lang="en">
 <head>
  <title>
</title>
<meta http-equiv="Content-Type" content="text/html;charset=utf-8" />
  <meta name='ocr-system' content='tesseract 3.04.00' />
  <meta name='ocr-capabilities' content='ocr_page ocr_carea ocr_par ocr_line ocrx_word'/>
</head>
<body>
  <div class='ocr_page' id='page_1' title='image "./bucolicageorgic02virggoog/bucolicageorgic02virggoog_0151.png"; bbox 0 0 2400 4178; ppageno 0'>
   <div class='ocr_carea' id='block_1_1' title="bbox 80 178 665 237">
    <p class='ocr_par' dir='ltr' id='par_1_1' title="bbox 80 178 665 237">
     <span class='ocr_line' id='line_1_1' title="bbox 80 178 665 237; baseline 0 -2"><span class='ocrx_word' id='word_1_1' title='bbox 80 180 134 237; x_wconf 76' lang='lat'><strong>146</strong></span> <span class='ocrx_word' id='word_1_2' title='bbox 482 178 665 235; x_wconf 73' lang='lat' dir='ltr'><strong>AENEIDOS</strong></span> 
     </span>
    </p>
   </div>
   <div class='ocr_carea' id='block_1_2' title="bbox 21 326 918 1745">
    <p class='ocr_par' dir='ltr' id='par_1_2' title="bbox 78 326 900 407">
     <span class='ocr_line' id='line_1_2' title="bbox 78 326 900 407; baseline 0.006 -20"><span class='ocrx_word' id='word_1_3' title='bbox 78 330 160 403; x_wconf 80' lang='lat' dir='ltr'><strong>Quid</strong></span> <span class='ocrx_word' id='word_1_4' title='bbox 173 326 298 407; x_wconf 73' lang='lat' dir='ltr'><strong>primum</strong></span> <span class='ocrx_word' id='word_1_5' title='bbox 312 328 426 389; x_wconf 80' lang='lat' dir='ltr'><strong>deserte</strong></span> <span class='ocrx_word' id='word_1_6' title='bbox 437 330 561 407; x_wconf 78' lang='lat' dir='ltr'><strong>querar?</strong></span> <span class='ocrx_word' id='word_1_7' title='bbox 580 328 758 388; x_wconf 72' lang='lat' dir='ltr'>comitemne</span> <span class='ocrx_word' id='word_1_8' title='bbox 771 349 900 393; x_wconf 86' lang='lat' dir='ltr'><strong>sororem</strong></span> 
     </span>
    </p>

    <p class='ocr_par' dir='ltr' id='par_1_3' title="bbox 78 407 851 484">
     <span class='ocr_line' id='line_1_3' title="bbox 78 407 851 484; baseline 0 -16"><span class='ocrx_word' id='word_1_9' title='bbox 78 410 99 468; x_wconf 88' lang='lat' dir='ltr'>S</span> <span class='ocrx_word' id='word_1_10' title='bbox 121 409 219 467; x_wconf 89' lang='lat' dir='ltr'><strong>revisti</strong></span> <span class='ocrx_word' id='word_1_11' title='bbox 232 407 378 469; x_wconf 62' lang='lat' dir='ltr'><strong>moriens„&gt;</strong></span> <span class='ocrx_word' id='word_1_12' title='bbox 401 408 503 464; x_wconf 82' lang='lat' dir='ltr'><strong>eedem</strong></span> <span class='ocrx_word' id='word_1_13' title='bbox 516 424 564 464; x_wconf 93' lang='lat' dir='ltr'><strong>me</strong></span> <span class='ocrx_word' id='word_1_14' title='bbox 578 408 615 465; x_wconf 79' lang='lat' dir='ltr'><strong>ed</strong></span> <span class='ocrx_word' id='word_1_15' title='bbox 628 408 686 465; x_wconf 80' lang='lat' dir='ltr'><strong>tots</strong></span> <span class='ocrx_word' id='word_1_16' title='bbox 699 409 851 484; x_wconf 78' lang='lat' dir='ltr'><strong>vocisses3</strong></span> 
     </span>
    </p>

    <p class='ocr_par' dir='ltr' id='par_1_4' title="bbox 78 430 918 563">
     <span class='ocr_line' id='line_1_4' title="bbox 78 430 918 563; baseline 0.004 -17"><span class='ocrx_word' id='word_1_17' title='bbox 78 430 161 546; x_wconf 85' lang='lat' dir='ltr'><strong>Idem</strong></span> <span class='ocrx_word' id='word_1_18' title='bbox 177 485 275 545; x_wconf 79' lang='lat' dir='ltr'><strong>ambas</strong></span> <span class='ocrx_word' id='word_1_19' title='bbox 288 486 362 543; x_wconf 86' lang='lat' dir='ltr'><strong>ferro</strong></span> <span class='ocrx_word' id='word_1_20' title='bbox 376 486 468 561; x_wconf 90' lang='lat' dir='ltr'><strong>dolor,</strong></span> <span class='ocrx_word' id='word_1_21' title='bbox 482 498 569 563; x_wconf 82' lang='lat' dir='ltr'><strong>etque</strong></span> <span class='ocrx_word' id='word_1_22' title='bbox 584 487 686 543; x_wconf 83' lang='lat' dir='ltr'><strong>eedem</strong></span> <span class='ocrx_word' id='word_1_23' title='bbox 700 487 780 562; x_wconf 82' lang='lat' dir='ltr'><strong>born,</strong></span> <span class='ocrx_word' id='word_1_24' title='bbox 795 489 918 549; x_wconf 83' lang='lat' dir='ltr'><strong>tulisset.</strong></span> 
     </span>
    </p>

    <p class='ocr_par' dir='ltr' id='par_1_5' title="bbox 76 564 794 641">
     <span class='ocr_line' id='line_1_5' title="bbox 76 564 794 641; baseline 0 -17"><span class='ocrx_word' id='word_1_25' title='bbox 76 566 134 625; x_wconf 94' lang='lat' dir='ltr'><strong>His</strong></span> <span class='ocrx_word' id='word_1_26' title='bbox 148 566 234 624; x_wconf 83' lang='lat' dir='ltr'><strong>etism</strong></span> <span class='ocrx_word' id='word_1_27' title='bbox 249 565 341 623; x_wconf 81' lang='lat' dir='ltr'><strong>struxi</strong></span> <span class='ocrx_word' id='word_1_28' title='bbox 355 564 498 639; x_wconf 79' lang='lat' dir='ltr'><strong>munibus,</strong></span> <span class='ocrx_word' id='word_1_29' title='bbox 512 564 677 641; x_wconf 78' lang='lat' dir='ltr'><strong>patriosque</strong></span> <span class='ocrx_word' id='word_1_30' title='bbox 691 567 794 625; x_wconf 78' lang='lat' dir='ltr'><strong>vocavi</strong></span> 
     </span>
    </p>

    <p class='ocr_par' dir='ltr' id='par_1_6' title="bbox 75 643 848 720">
     <span class='ocr_line' id='line_1_6' title="bbox 75 643 848 720; baseline 0.004 -19"><span class='ocrx_word' id='word_1_31' title='bbox 75 644 159 703; x_wconf 87' lang='lat' dir='ltr'>Voce</span> <span class='ocrx_word' id='word_1_32' title='bbox 173 645 252 719; x_wconf 87' lang='lat' dir='ltr'><strong>deos,</strong></span> <span class='ocrx_word' id='word_1_33' title='bbox 267 644 308 701; x_wconf 90' lang='lat' dir='ltr'><strong>sic</strong></span> <span class='ocrx_word' id='word_1_34' title='bbox 323 653 351 702; x_wconf 90' lang='lat' dir='ltr'><strong>tc</strong></span> <span class='ocrx_word' id='word_1_35' title='bbox 366 652 397 702; x_wconf 93' lang='lat' dir='ltr'><strong>ut</strong></span> <span class='ocrx_word' id='word_1_36' title='bbox 410 644 514 720; x_wconf 71' lang='lat' dir='ltr'><strong>positi,</strong></span> <span class='ocrx_word' id='word_1_37' title='bbox 529 643 672 701; x_wconf 87' lang='lat' dir='ltr'><strong>crudelis!</strong></span> <span class='ocrx_word' id='word_1_38' title='bbox 695 644 848 704; x_wconf 78' lang='lat' dir='ltr'><strong>abessem?</strong></span> 
     </span>
    </p>

    <p class='ocr_par' dir='ltr' id='par_1_7' title="bbox 74 721 885 800">
     <span class='ocr_line' id='line_1_7' title="bbox 74 721 885 800; baseline 0.001 -17"><span class='ocrx_word' id='word_1_39' title='bbox 74 723 263 797; x_wconf 69' lang='lat' dir='ltr'><strong>Extincto,</strong></span> <span class='ocrx_word' id='word_1_40' title='bbox 279 742 393 798; x_wconf 90' lang='lat' dir='ltr'><strong>meque,</strong></span> <span class='ocrx_word' id='word_1_41' title='bbox 408 742 495 798; x_wconf 88' lang='lat' dir='ltr'><strong>soror,</strong></span> <span class='ocrx_word' id='word_1_42' title='bbox 509 721 717 800; x_wconf 88' lang='lat' dir='ltr'><strong>populumque,</strong></span> <span class='ocrx_word' id='word_1_43' title='bbox 731 733 812 800; x_wconf 80' lang='lat' dir='ltr'><strong>putre</strong></span> <span class='ocrx_word' id='word_1_44' title='bbox 848 743 885 784; x_wconf 88' lang='lat' dir='ltr'><strong>ue</strong></span> 
     </span>
    </p>

    <p class='ocr_par' dir='ltr' id='par_1_8' title="bbox 76 745 902 881">
     <span class='ocr_line' id='line_1_8' title="bbox 76 745 902 881; baseline 0.001 -21"><span class='ocrx_word' id='word_1_45' title='bbox 76 802 220 875; x_wconf 88' lang='lat' dir='ltr'><strong>Sidonios,</strong></span> <span class='ocrx_word' id='word_1_46' title='bbox 235 802 393 878; x_wconf 88' lang='lat' dir='ltr'><strong>urbemque</strong></span> <span class='ocrx_word' id='word_1_47' title='bbox 408 810 495 859; x_wconf 80' lang='lat' dir='ltr'><strong>tuum.</strong></span> <span class='ocrx_word' id='word_1_48' title='bbox 536 802 613 859; x_wconf 83' lang='lat' dir='ltr'><strong>Dete</strong></span> <span class='ocrx_word' id='word_1_49' title='bbox 627 802 747 860; x_wconf 80' lang='lat' dir='ltr'><strong>vulnero</strong></span> <span class='ocrx_word' id='word_1_50' title='bbox 759 745 902 881; x_wconf 53' lang='lat' dir='ltr'><strong>lymspllrin</strong></span> 
     </span>
    </p>

    <p class='ocr_par' dir='ltr' id='par_1_9' title="bbox 74 879 872 960">
     <span class='ocr_line' id='line_1_9' title="bbox 74 879 872 960; baseline 0.004 -22"><span class='ocrx_word' id='word_1_51' title='bbox 74 880 217 954; x_wconf 80' lang='lat' dir='ltr'><strong>Abluam3</strong></span> <span class='ocrx_word' id='word_1_52' title='bbox 240 888 277 954; x_wconf 87' lang='lat' dir='ltr'><strong>et,</strong></span> <span class='ocrx_word' id='word_1_53' title='bbox 293 889 439 938; x_wconf 86' lang='lat' dir='ltr'><strong>extremus</strong></span> <span class='ocrx_word' id='word_1_54' title='bbox 454 880 478 938; x_wconf 88' lang='lat' dir='ltr'><strong>si</strong></span> <span class='ocrx_word' id='word_1_55' title='bbox 492 879 556 955; x_wconf 91' lang='lat' dir='ltr'><strong>quis</strong></span> <span class='ocrx_word' id='word_1_56' title='bbox 569 899 656 957; x_wconf 86' lang='lat' dir='ltr'><strong>super</strong></span> <span class='ocrx_word' id='word_1_57' title='bbox 669 880 774 940; x_wconf 77' lang='lat' dir='ltr'><strong>halitus</strong></span> <span class='ocrx_word' id='word_1_58' title='bbox 789 891 872 960; x_wconf 81' lang='lat' dir='ltr'><strong>erret,</strong></span> 
     </span>
    </p>

    <p class='ocr_par' dir='ltr' id='par_1_10' title="bbox 21 959 802 1036">
     <span class='ocr_line' id='line_1_10' title="bbox 21 959 802 1036; baseline 0.003 -19"><span class='ocrx_word' id='word_1_59' title='bbox 21 974 28 983; x_wconf 88' lang='lat'><strong>·</strong></span> <span class='ocrx_word' id='word_1_60' title='bbox 75 959 133 1017; x_wconf 89' lang='lat' dir='ltr'><strong>Ore</strong></span> <span class='ocrx_word' id='word_1_61' title='bbox 148 959 251 1035; x_wconf 82' lang='lat' dir='ltr'><strong>legam.</strong></span> <span class='ocrx_word' id='word_1_62' title='bbox 295 959 344 1017; x_wconf 88' lang='lat' dir='ltr'><strong>Sic</strong></span> <span class='ocrx_word' id='word_1_63' title='bbox 359 959 426 1034; x_wconf 80' lang='lat' dir='ltr'><strong>soto,</strong></span> <span class='ocrx_word' id='word_1_64' title='bbox 441 960 545 1035; x_wconf 79' lang='lat' dir='ltr'><strong>gradus</strong></span> <span class='ocrx_word' id='word_1_65' title='bbox 559 969 706 1019; x_wconf 80' lang='lat' dir='ltr'><strong>cresceret</strong></span> <span class='ocrx_word' id='word_1_66' title='bbox 720 960 802 1036; x_wconf 79' lang='lat' dir='ltr'><strong>altos,</strong></span> 
     </span>
    </p>

    <p class='ocr_par' dir='ltr' id='par_1_11' title="bbox 75 1038 879 1115">
     <span class='ocr_line' id='line_1_11' title="bbox 75 1038 879 1115; baseline 0.006 -20"><span class='ocrx_word' id='word_1_67' title='bbox 75 1038 340 1114; x_wconf 79' lang='lat' dir='ltr'><strong>Semianimemque</strong></span> <span class='ocrx_word' id='word_1_68' title='bbox 354 1040 419 1096; x_wconf 88' lang='lat' dir='ltr'><strong>sinu</strong></span> <span class='ocrx_word' id='word_1_69' title='bbox 434 1057 600 1113; x_wconf 80' lang='lat' dir='ltr'><strong>germanum</strong></span> <span class='ocrx_word' id='word_1_70' title='bbox 615 1039 750 1115; x_wconf 80' lang='lat' dir='ltr'><strong>amplexo</strong></span> <span class='ocrx_word' id='word_1_71' title='bbox 762 1040 879 1100; x_wconf 76' lang='lat' dir='ltr'><strong>fovebat</strong></span> 
     </span>
    </p>

    <p class='ocr_par' dir='ltr' id='par_1_12' title="bbox 74 1116 848 1195">
     <span class='ocr_line' id='line_1_12' title="bbox 74 1116 848 1195; baseline 0.001 -20"><span class='ocrx_word' id='word_1_72' title='bbox 74 1116 151 1175; x_wconf 84' lang='lat' dir='ltr'><strong>Cum</strong></span> <span class='ocrx_word' id='word_1_73' title='bbox 165 1117 285 1192; x_wconf 85' lang='lat' dir='ltr'><strong>gemitu,</strong></span> <span class='ocrx_word' id='word_1_74' title='bbox 300 1127 385 1195; x_wconf 79' lang='lat' dir='ltr'><strong>atque</strong></span> <span class='ocrx_word' id='word_1_75' title='bbox 399 1127 474 1175; x_wconf 83' lang='lat' dir='ltr'><strong>atros</strong></span> <span class='ocrx_word' id='word_1_76' title='bbox 488 1116 615 1175; x_wconf 75' lang='lat' dir='ltr'>siccabat</span> <span class='ocrx_word' id='word_1_77' title='bbox 627 1127 708 1176; x_wconf 90' lang='lat' dir='ltr'><strong>veste</strong></span> <span class='ocrx_word' id='word_1_78' title='bbox 722 1138 848 1178; x_wconf 86' lang='lat' dir='ltr'><strong>cruores.</strong></span> 
     </span>
    </p>

    <p class='ocr_par' dir='ltr' id='par_1_13' title="bbox 73 1194 745 1272">
     <span class='ocr_line' id='line_1_13' title="bbox 73 1194 745 1272; baseline 0.004 -19"><span class='ocrx_word' id='word_1_79' title='bbox 73 1194 138 1269; x_wconf 79' lang='lat' dir='ltr'><strong>Illo,</strong></span> <span class='ocrx_word' id='word_1_80' title='bbox 153 1214 253 1270; x_wconf 81' lang='lat' dir='ltr'><strong>graves</strong></span> <span class='ocrx_word' id='word_1_81' title='bbox 267 1196 366 1253; x_wconf 89' lang='lat' dir='ltr'><strong>oculos</strong></span> <span class='ocrx_word' id='word_1_82' title='bbox 381 1204 483 1255; x_wconf 80' lang='lat' dir='ltr'><strong>conatu</strong></span> <span class='ocrx_word' id='word_1_83' title='bbox 497 1195 638 1272; x_wconf 82' lang='lat' dir='ltr'><strong>attollere,</strong></span> <span class='ocrx_word' id='word_1_84' title='bbox 648 1217 745 1256; x_wconf 89' lang='lat' dir='ltr'><strong>rursus</strong></span> 
     </span>
    </p>

    <p class='ocr_par' dir='ltr' id='par_1_14' title="bbox 73 1275 780 1353">
     <span class='ocr_line' id='line_1_14' title="bbox 73 1275 780 1353; baseline 0.001 -21"><span class='ocrx_word' id='word_1_85' title='bbox 73 1275 201 1333; x_wconf 90' lang='lat' dir='ltr'><strong>Deficit:</strong></span> <span class='ocrx_word' id='word_1_86' title='bbox 224 1275 348 1333; x_wconf 81' lang='lat' dir='ltr'><strong>infixum</strong></span> <span class='ocrx_word' id='word_1_87' title='bbox 362 1275 455 1333; x_wconf 81' lang='lat' dir='ltr'><strong>stridit</strong></span> <span class='ocrx_word' id='word_1_88' title='bbox 468 1275 521 1332; x_wconf 93' lang='lat' dir='ltr'><strong>sub</strong></span> <span class='ocrx_word' id='word_1_89' title='bbox 535 1285 652 1353; x_wconf 88' lang='lat' dir='ltr'><strong>pectore</strong></span> <span class='ocrx_word' id='word_1_90' title='bbox 666 1276 780 1335; x_wconf 88' lang='lat' dir='ltr'><strong>vulnus.</strong></span> 
     </span>
    </p>

    <p class='ocr_par' dir='ltr' id='par_1_15' title="bbox 73 1354 778 1431">
     <span class='ocr_line' id='line_1_15' title="bbox 73 1354 778 1431; baseline 0.003 -20"><span class='ocrx_word' id='word_1_91' title='bbox 73 1354 134 1412; x_wconf 87' lang='lat' dir='ltr'><strong>Ter</strong></span> <span class='ocrx_word' id='word_1_92' title='bbox 147 1372 211 1411; x_wconf 90' lang='lat' dir='ltr'><strong>sese</strong></span> <span class='ocrx_word' id='word_1_93' title='bbox 226 1354 358 1413; x_wconf 87' lang='lat' dir='ltr'><strong>attollens</strong></span> <span class='ocrx_word' id='word_1_94' title='bbox 373 1355 529 1431; x_wconf 88' lang='lat' dir='ltr'><strong>cubitoque</strong></span> <span class='ocrx_word' id='word_1_95' title='bbox 544 1355 650 1412; x_wconf 75' lang='lat' dir='ltr'><strong>adnixa</strong></span> <span class='ocrx_word' id='word_1_96' title='bbox 663 1355 778 1430; x_wconf 82' lang='lat' dir='ltr'><strong>levavit,</strong></span> 
     </span>
    </p>

    <p class='ocr_par' dir='ltr' id='par_1_16' title="bbox 73 1432 846 1508">
     <span class='ocr_line' id='line_1_16' title="bbox 73 1432 846 1508; baseline 0 -17"><span class='ocrx_word' id='word_1_97' title='bbox 73 1433 134 1491; x_wconf 90' lang='lat' dir='ltr'><strong>Ter</strong></span> <span class='ocrx_word' id='word_1_98' title='bbox 147 1434 276 1491; x_wconf 77' lang='lat' dir='ltr'><strong>revolute</strong></span> <span class='ocrx_word' id='word_1_99' title='bbox 289 1442 351 1491; x_wconf 91' lang='lat' dir='ltr'><strong>toro</strong></span> <span class='ocrx_word' id='word_1_100' title='bbox 365 1442 427 1506; x_wconf 81' lang='lat' dir='ltr'><strong>est3</strong></span> <span class='ocrx_word' id='word_1_101' title='bbox 449 1433 599 1508; x_wconf 88' lang='lat' dir='ltr'><strong>oculisque</strong></span> <span class='ocrx_word' id='word_1_102' title='bbox 614 1433 774 1491; x_wconf 81' lang='lat' dir='ltr'><strong>errantibus</strong></span> <span class='ocrx_word' id='word_1_103' title='bbox 788 1432 846 1491; x_wconf 80' lang='lat' dir='ltr'><strong>ulto</strong></span> 
     </span>
    </p>

    <p class='ocr_par' dir='ltr' id='par_1_17' title="bbox 74 1508 914 1665">
     <span class='ocr_line' id='line_1_17' title="bbox 74 1508 898 1587; baseline -0.001 -18"><span class='ocrx_word' id='word_1_104' title='bbox 74 1511 218 1584; x_wconf 76' lang='lat' dir='ltr'><strong>Quaesivit</strong></span> <span class='ocrx_word' id='word_1_105' title='bbox 231 1512 305 1569; x_wconf 86' lang='lat' dir='ltr'><strong>coelo</strong></span> <span class='ocrx_word' id='word_1_106' title='bbox 319 1511 425 1585; x_wconf 88' lang='lat' dir='ltr'><strong>lucem,</strong></span> <span class='ocrx_word' id='word_1_107' title='bbox 440 1511 639 1587; x_wconf 86' lang='lat' dir='ltr'><strong>ingemuitque</strong></span> <span class='ocrx_word' id='word_1_108' title='bbox 653 1518 807 1586; x_wconf 79' lang='lat' dir='ltr'><strong>repertam.</strong></span> <span class='ocrx_word' id='word_1_109' title='bbox 892 1508 898 1517; x_wconf 83' lang='grc'>’</span> 
     </span>
     <span class='ocr_line' id='line_1_18' title="bbox 113 1588 914 1665; baseline 0.004 -18"><span class='ocrx_word' id='word_1_110' title='bbox 113 1590 193 1647; x_wconf 92' lang='lat' dir='ltr'><strong>Tum</strong></span> <span class='ocrx_word' id='word_1_111' title='bbox 204 1590 280 1648; x_wconf 91' lang='lat' dir='ltr'><strong>Juno</strong></span> <span class='ocrx_word' id='word_1_112' title='bbox 295 1589 489 1665; x_wconf 86' lang='lat' dir='ltr'><strong>omnipotens,</strong></span> <span class='ocrx_word' id='word_1_113' title='bbox 503 1589 621 1663; x_wconf 86' lang='lat' dir='ltr'><strong>longum</strong></span> <span class='ocrx_word' id='word_1_114' title='bbox 636 1588 771 1649; x_wconf 78' lang='lat' dir='ltr'><strong>miserato</strong></span> <span class='ocrx_word' id='word_1_115' title='bbox 785 1590 914 1651; x_wconf 88' lang='lat' dir='ltr'><strong>dolorem</strong></span> 
     </span>
    </p>

    <p class='ocr_par' dir='ltr' id='par_1_18' title="bbox 72 1667 756 1745">
     <span class='ocr_line' id='line_1_19' title="bbox 72 1667 756 1745; baseline 0.003 -20"><span class='ocrx_word' id='word_1_116' title='bbox 72 1667 272 1745; x_wconf 87' lang='lat' dir='ltr'><strong>Difficilesque</strong></span> <span class='ocrx_word' id='word_1_117' title='bbox 287 1667 391 1742; x_wconf 87' lang='lat' dir='ltr'><strong>obitus,</strong></span> <span class='ocrx_word' id='word_1_118' title='bbox 407 1667 477 1726; x_wconf 90' lang='lat' dir='ltr'><strong>Irim</strong></span> <span class='ocrx_word' id='word_1_119' title='bbox 491 1668 607 1726; x_wconf 90' lang='lat' dir='ltr'><strong>demisit</strong></span> <span class='ocrx_word' id='word_1_120' title='bbox 621 1667 756 1745; x_wconf 83' lang='lat' dir='ltr'><strong>Olympo,</strong></span> 
     </span>
    </p>
   </div>
   <div class='ocr_carea' id='block_1_3' title="bbox 74 1746 956 1825">
    <p class='ocr_par' dir='ltr' id='par_1_19' title="bbox 74 1746 956 1825">
     <span class='ocr_line' id='line_1_20' title="bbox 74 1746 956 1825; baseline 0.007 -22"><span class='ocrx_word' id='word_1_121' title='bbox 74 1747 149 1817; x_wconf 81' lang='lat' dir='ltr'><strong>Quae</strong></span> <span class='ocrx_word' id='word_1_122' title='bbox 163 1746 320 1806; x_wconf 79' lang='lat' dir='ltr'><strong>luctantem</strong></span> <span class='ocrx_word' id='word_1_123' title='bbox 336 1746 460 1805; x_wconf 83' lang='lat' dir='ltr'><strong>animem</strong></span> <span class='ocrx_word' id='word_1_124' title='bbox 475 1766 625 1825; x_wconf 84' lang='lat' dir='ltr'><strong>nexosque</strong></span> <span class='ocrx_word' id='word_1_125' title='bbox 639 1748 796 1808; x_wconf 84' lang='lat' dir='ltr'><strong>resolveret</strong></span> <span class='ocrx_word' id='word_1_126' title='bbox 808 1757 895 1808; x_wconf 79' lang='lat' dir='ltr'><strong>ortus.</strong></span> <span class='ocrx_word' id='word_1_127' title='bbox 951 1766 956 1775; x_wconf 94' lang='grc'><em>·</em></span> 
     </span>
    </p>
   </div>
   <div class='ocr_carea' id='block_1_4' title="bbox 70 1826 868 2613">
    <p class='ocr_par' dir='ltr' id='par_1_20' title="bbox 71 1826 868 2453">
     <span class='ocr_line' id='line_1_21' title="bbox 72 1826 829 1905; baseline 0.003 -21"><span class='ocrx_word' id='word_1_128' title='bbox 72 1826 104 1885; x_wconf 92' lang='lat' dir='ltr'>N</span> <span class='ocrx_word' id='word_1_129' title='bbox 105 1846 161 1902; x_wconf 82' lang='lat' dir='ltr'><strong>sm,</strong></span> <span class='ocrx_word' id='word_1_130' title='bbox 174 1828 242 1903; x_wconf 78' lang='lat' dir='ltr'><strong>quin</strong></span> <span class='ocrx_word' id='word_1_131' title='bbox 255 1845 309 1884; x_wconf 91' lang='lat' dir='ltr'><strong>nec</strong></span> <span class='ocrx_word' id='word_1_132' title='bbox 325 1826 393 1901; x_wconf 84' lang='lat' dir='ltr'><strong>leto,</strong></span> <span class='ocrx_word' id='word_1_133' title='bbox 407 1828 510 1886; x_wconf 73' lang='lat' dir='ltr'><strong>meritis</strong></span> <span class='ocrx_word' id='word_1_134' title='bbox 524 1846 578 1885; x_wconf 89' lang='lat' dir='ltr'><strong>nec</strong></span> <span class='ocrx_word' id='word_1_135' title='bbox 593 1835 695 1903; x_wconf 85' lang='lat' dir='ltr'><strong>morte,</strong></span> <span class='ocrx_word' id='word_1_136' title='bbox 708 1829 829 1905; x_wconf 81' lang='lat' dir='ltr'><strong>peribat,</strong></span> 
     </span>
     <span class='ocr_line' id='line_1_22' title="bbox 74 1905 854 1984; baseline 0.004 -22"><span class='ocrx_word' id='word_1_137' title='bbox 74 1905 133 1963; x_wconf 90' lang='lat' dir='ltr'><strong>Sed</strong></span> <span class='ocrx_word' id='word_1_138' title='bbox 145 1906 250 1963; x_wconf 84' lang='lat' dir='ltr'><strong>misero</strong></span> <span class='ocrx_word' id='word_1_139' title='bbox 260 1914 327 1964; x_wconf 81' lang='lat' dir='ltr'><strong>onte</strong></span> <span class='ocrx_word' id='word_1_140' title='bbox 341 1906 431 1981; x_wconf 90' lang='lat' dir='ltr'><strong>diem,</strong></span> <span class='ocrx_word' id='word_1_141' title='bbox 446 1905 598 1983; x_wconf 85' lang='lat' dir='ltr'><strong>subitoque</strong></span> <span class='ocrx_word' id='word_1_142' title='bbox 613 1925 736 1965; x_wconf 76' lang='lat' dir='ltr'><strong>accensa</strong></span> <span class='ocrx_word' id='word_1_143' title='bbox 749 1907 854 1984; x_wconf 82' lang='lat' dir='ltr'><strong>lurore,</strong></span> 
     </span>
     <span class='ocr_line' id='line_1_23' title="bbox 72 1984 823 2061; baseline 0.001 -19"><span class='ocrx_word' id='word_1_144' title='bbox 72 1984 212 2042; x_wconf 89' lang='lat' dir='ltr'><strong>Nondum</strong></span> <span class='ocrx_word' id='word_1_145' title='bbox 226 1985 269 2041; x_wconf 89' lang='lat' dir='ltr'><strong>illi</strong></span> <span class='ocrx_word' id='word_1_146' title='bbox 281 1985 387 2042; x_wconf 82' lang='lat' dir='ltr'><strong>flavum</strong></span> <span class='ocrx_word' id='word_1_147' title='bbox 403 1985 577 2061; x_wconf 82' lang='lat' dir='ltr'><strong>Proserpina</strong></span> <span class='ocrx_word' id='word_1_148' title='bbox 589 1986 699 2043; x_wconf 90' lang='lat' dir='ltr'><strong>vertice</strong></span> <span class='ocrx_word' id='word_1_149' title='bbox 713 1987 823 2044; x_wconf 90' lang='lat' dir='ltr'><strong>crinem</strong></span> 
     </span>
     <span class='ocr_line' id='line_1_24' title="bbox 72 2061 821 2139; baseline 0.003 -20"><span class='ocrx_word' id='word_1_150' title='bbox 72 2061 248 2137; x_wconf 83' lang='lat' dir='ltr'><strong>Abstulerat,</strong></span> <span class='ocrx_word' id='word_1_151' title='bbox 264 2063 422 2139; x_wconf 82' lang='lat' dir='ltr'><strong>Stygioque</strong></span> <span class='ocrx_word' id='word_1_152' title='bbox 437 2071 523 2139; x_wconf 81' lang='lat' dir='ltr'><strong>ceput</strong></span> <span class='ocrx_word' id='word_1_153' title='bbox 536 2064 722 2121; x_wconf 80' lang='lat' dir='ltr'><strong>damnaverat</strong></span> <span class='ocrx_word' id='word_1_154' title='bbox 736 2064 821 2123; x_wconf 91' lang='lat' dir='ltr'><strong>Orco.</strong></span> 
     </span>
     <span class='ocr_line' id='line_1_25' title="bbox 72 2140 794 2218; baseline 0.004 -21"><span class='ocrx_word' id='word_1_155' title='bbox 72 2140 152 2215; x_wconf 82' lang='lat' dir='ltr'><strong>Ergo</strong></span> <span class='ocrx_word' id='word_1_156' title='bbox 168 2141 231 2215; x_wconf 94' lang='lat' dir='ltr'><strong>lris,</strong></span> <span class='ocrx_word' id='word_1_157' title='bbox 247 2142 355 2198; x_wconf 86' lang='lat' dir='ltr'><strong>croceis</strong></span> <span class='ocrx_word' id='word_1_158' title='bbox 369 2160 421 2216; x_wconf 89' lang='lat' dir='ltr'><strong>per</strong></span> <span class='ocrx_word' id='word_1_159' title='bbox 434 2141 540 2199; x_wconf 89' lang='lat' dir='ltr'><strong>coelum</strong></span> <span class='ocrx_word' id='word_1_160' title='bbox 554 2141 666 2198; x_wconf 81' lang='lat' dir='ltr'><strong>roscido</strong></span> <span class='ocrx_word' id='word_1_161' title='bbox 680 2142 794 2218; x_wconf 89' lang='lat' dir='ltr'><strong>pennis,</strong></span> 
     </span>
     <span class='ocr_line' id='line_1_26' title="bbox 72 2218 742 2294; baseline 0 -18"><span class='ocrx_word' id='word_1_162' title='bbox 72 2218 158 2276; x_wconf 91' lang='lat' dir='ltr'><strong>Mille</strong></span> <span class='ocrx_word' id='word_1_163' title='bbox 172 2219 289 2276; x_wconf 81' lang='lat' dir='ltr'><strong>trahens</strong></span> <span class='ocrx_word' id='word_1_164' title='bbox 303 2219 397 2276; x_wconf 79' lang='lat' dir='ltr'><strong>varios</strong></span> <span class='ocrx_word' id='word_1_165' title='bbox 413 2219 533 2276; x_wconf 77' lang='lat' dir='ltr'><strong>adverso</strong></span> <span class='ocrx_word' id='word_1_166' title='bbox 547 2218 608 2276; x_wconf 89' lang='lat' dir='ltr'><strong>sole</strong></span> <span class='ocrx_word' id='word_1_167' title='bbox 622 2218 742 2294; x_wconf 89' lang='lat' dir='ltr'><strong>colores,</strong></span> 
     </span>
     <span class='ocr_line' id='line_1_27' title="bbox 71 2296 868 2374; baseline 0.003 -19"><span class='ocrx_word' id='word_1_168' title='bbox 71 2296 207 2372; x_wconf 85' lang='lat' dir='ltr'><strong>Devolat,</strong></span> <span class='ocrx_word' id='word_1_169' title='bbox 222 2306 252 2355; x_wconf 90' lang='lat' dir='ltr'><strong>et</strong></span> <span class='ocrx_word' id='word_1_170' title='bbox 264 2315 350 2373; x_wconf 80' lang='lat' dir='ltr'><strong>supro</strong></span> <span class='ocrx_word' id='word_1_171' title='bbox 363 2304 450 2374; x_wconf 83' lang='lat' dir='ltr'><strong>caput</strong></span> <span class='ocrx_word' id='word_1_172' title='bbox 464 2297 590 2357; x_wconf 78' lang='lat' dir='ltr'><strong>adstitit:</strong></span> <span class='ocrx_word' id='word_1_173' title='bbox 633 2298 723 2355; x_wconf 93' lang='lat' dir='ltr'><strong>Hunc</strong></span> <span class='ocrx_word' id='word_1_174' title='bbox 737 2318 791 2374; x_wconf 81' lang='lat' dir='ltr'><strong>ego</strong></span> <span class='ocrx_word' id='word_1_175' title='bbox 805 2299 868 2358; x_wconf 90' lang='lat' dir='ltr'><strong>Diti</strong></span> 
     </span>
     <span class='ocr_line' id='line_1_28' title="bbox 73 2374 779 2453; baseline 0.004 -21"><span class='ocrx_word' id='word_1_176' title='bbox 73 2374 193 2432; x_wconf 76' lang='lat' dir='ltr'><strong>Sacrum</strong></span> <span class='ocrx_word' id='word_1_177' title='bbox 206 2378 288 2453; x_wconf 80' lang='lat' dir='ltr'><strong>jussa</strong></span> <span class='ocrx_word' id='word_1_178' title='bbox 301 2375 371 2450; x_wconf 84' lang='lat' dir='ltr'><strong>lero,</strong></span> <span class='ocrx_word' id='word_1_179' title='bbox 386 2384 472 2452; x_wconf 84' lang='lat' dir='ltr'><strong>teque</strong></span> <span class='ocrx_word' id='word_1_180' title='bbox 486 2376 541 2435; x_wconf 91' lang='lat' dir='ltr'><strong>isto</strong></span> <span class='ocrx_word' id='word_1_181' title='bbox 555 2396 674 2453; x_wconf 91' lang='lat' dir='ltr'><strong>corpore</strong></span> <span class='ocrx_word' id='word_1_182' title='bbox 689 2377 779 2435; x_wconf 88' lang='lat' dir='ltr'><strong>solvo.</strong></span> 
     </span>
    </p>

    <p class='ocr_par' dir='ltr' id='par_1_21' title="bbox 70 2452 815 2613">
     <span class='ocr_line' id='line_1_29' title="bbox 72 2452 815 2528; baseline 0.003 -16"><span class='ocrx_word' id='word_1_183' title='bbox 72 2452 122 2512; x_wconf 87' lang='lat' dir='ltr'><strong>Sic</strong></span> <span class='ocrx_word' id='word_1_184' title='bbox 136 2453 185 2528; x_wconf 82' lang='lat' dir='ltr'><strong>sit,</strong></span> <span class='ocrx_word' id='word_1_185' title='bbox 201 2463 230 2513; x_wconf 87' lang='lat' dir='ltr'><strong>et</strong></span> <span class='ocrx_word' id='word_1_186' title='bbox 243 2455 345 2512; x_wconf 75' lang='lat' dir='ltr'><strong>dextri</strong></span> <span class='ocrx_word' id='word_1_187' title='bbox 360 2455 470 2513; x_wconf 89' lang='lat' dir='ltr'><strong>crinem</strong></span> <span class='ocrx_word' id='word_1_188' title='bbox 485 2464 581 2514; x_wconf 81' lang='lat' dir='ltr'><strong>secet:</strong></span> <span class='ocrx_word' id='word_1_189' title='bbox 604 2455 702 2514; x_wconf 87' lang='lat' dir='ltr'><strong>omnis.</strong></span> <span class='ocrx_word' id='word_1_190' title='bbox 713 2465 742 2515; x_wconf 85' lang='lat' dir='ltr'><strong>ct</strong></span> <span class='ocrx_word' id='word_1_191' title='bbox 754 2457 815 2515; x_wconf 77' lang='lat' dir='ltr'><strong>uui</strong></span> 
     </span>
     <span class='ocr_line' id='line_1_30' title="bbox 70 2531 788 2613; baseline 0.006 -22"><span class='ocrx_word' id='word_1_192' title='bbox 70 2531 211 2610; x_wconf 82' lang='lat' dir='ltr'><strong>Dilapsus</strong></span> <span class='ocrx_word' id='word_1_193' title='bbox 226 2534 313 2610; x_wconf 83' lang='lat' dir='ltr'><strong>color,</strong></span> <span class='ocrx_word' id='word_1_194' title='bbox 328 2542 413 2613; x_wconf 83' lang='lat' dir='ltr'><strong>atque</strong></span> <span class='ocrx_word' id='word_1_195' title='bbox 427 2534 459 2594; x_wconf 88' lang='lat' dir='ltr'><strong>in</strong></span> <span class='ocrx_word' id='word_1_196' title='bbox 472 2543 573 2593; x_wconf 89' lang='lat' dir='ltr'><strong>ventos</strong></span> <span class='ocrx_word' id='word_1_197' title='bbox 587 2535 647 2594; x_wconf 81' lang='lat' dir='ltr'><strong>vito</strong></span> <span class='ocrx_word' id='word_1_198' title='bbox 660 2537 788 2596; x_wconf 81' lang='lat' dir='ltr'><strong>recessit</strong></span> 
     </span>
    </p>
   </div>
   <div class='ocr_carea' id='block_1_5' title="bbox 387 2864 738 3108">
    <p class='ocr_par' dir='ltr' id='par_1_22' title="bbox 387 2864 738 3108">
     <span class='ocr_line' id='line_1_31' title="bbox 418 2864 700 2937; baseline -0.004 0"><span class='ocrx_word' id='word_1_199' title='bbox 418 2864 700 2937; x_wconf 84' lang='lat' dir='ltr'><strong>AENEIDOS</strong></span> 
     </span>
     <span class='ocr_line' id='line_1_32' title="bbox 387 3035 738 3108; baseline -0.003 -16"><span class='ocrx_word' id='word_1_200' title='bbox 387 3035 517 3093; x_wconf 78' lang='lat' dir='ltr'><strong>murm</strong></span> <span class='ocrx_word' id='word_1_201' title='bbox 539 3037 738 3108; x_wconf 82' lang='lat' dir='ltr'><strong>oumrus</strong></span> 
     </span>
    </p>
   </div>
   <div class='ocr_carea' id='block_1_6' title="bbox 72 3168 907 3720">
    <p class='ocr_par' dir='ltr' id='par_1_23' title="bbox 72 3168 907 3720">
     <span class='ocr_line' id='line_1_33' title="bbox 112 3168 830 3248; baseline 0.006 -22"><span class='ocrx_word' id='word_1_202' title='bbox 112 3168 252 3226; x_wconf 67' lang='lat' dir='ltr'><strong>lurensi</strong></span> <span class='ocrx_word' id='word_1_203' title='bbox 266 3168 395 3225; x_wconf 87' lang='lat' dir='ltr'><strong>medium</strong></span> <span class='ocrx_word' id='word_1_204' title='bbox 410 3169 521 3227; x_wconf 84' lang='lat' dir='ltr'><strong>AEneos</strong></span> <span class='ocrx_word' id='word_1_205' title='bbox 531 3173 592 3248; x_wconf 82' lang='lat' dir='ltr'><strong>jam</strong></span> <span class='ocrx_word' id='word_1_206' title='bbox 607 3171 704 3229; x_wconf 80' lang='lat' dir='ltr'><strong>classe·</strong></span> <span class='ocrx_word' id='word_1_207' title='bbox 711 3169 830 3230; x_wconf 81' lang='lat' dir='ltr'><strong>tenebat</strong></span> 
     </span>
     <span class='ocr_line' id='line_1_34' title="bbox 72 3247 818 3325; baseline 0 -19"><span class='ocrx_word' id='word_1_208' title='bbox 72 3247 176 3306; x_wconf 83' lang='lat' dir='ltr'><strong>Certus</strong></span> <span class='ocrx_word' id='word_1_209' title='bbox 190 3247 254 3322; x_wconf 92' lang='lat' dir='ltr'><strong>iter,</strong></span> <span class='ocrx_word' id='word_1_210' title='bbox 267 3247 429 3323; x_wconf 87' lang='lat' dir='ltr'><strong>fluctusque</strong></span> <span class='ocrx_word' id='word_1_211' title='bbox 444 3257 518 3306; x_wconf 82' lang='lat' dir='ltr'><strong>atros</strong></span> <span class='ocrx_word' id='word_1_212' title='bbox 532 3249 678 3325; x_wconf 87' lang='lat' dir='ltr'><strong>Aquilone</strong></span> <span class='ocrx_word' id='word_1_213' title='bbox 693 3248 818 3325; x_wconf 83' lang='lat' dir='ltr'><strong>secabat,</strong></span> 
     </span>
     <span class='ocr_line' id='line_1_35' title="bbox 72 3325 777 3404; baseline 0.001 -20"><span class='ocrx_word' id='word_1_214' title='bbox 72 3326 187 3385; x_wconf 83' lang='lat' dir='ltr'><strong>Moeuis</strong></span> <span class='ocrx_word' id='word_1_215' title='bbox 200 3325 366 3401; x_wconf 90' lang='lat' dir='ltr'><strong>respiciens,</strong></span> <span class='ocrx_word' id='word_1_216' title='bbox 381 3346 446 3401; x_wconf 87' lang='lat' dir='ltr'><strong>quae</strong></span> <span class='ocrx_word' id='word_1_217' title='bbox 457 3329 519 3404; x_wconf 83' lang='lat' dir='ltr'><strong>jam</strong></span> <span class='ocrx_word' id='word_1_218' title='bbox 533 3327 657 3385; x_wconf 78' lang='lat' dir='ltr'><strong>infelicis</strong></span> <span class='ocrx_word' id='word_1_219' title='bbox 672 3328 777 3385; x_wconf 87' lang='lat' dir='ltr'><strong>Elissae</strong></span> 
     </span>
     <span class='ocr_line' id='line_1_36' title="bbox 73 3404 907 3485; baseline 0.005 -22"><span class='ocrx_word' id='word_1_220' title='bbox 73 3405 227 3463; x_wconf 87' lang='lat' dir='ltr'><strong>Colluceut</strong></span> <span class='ocrx_word' id='word_1_221' title='bbox 240 3404 372 3462; x_wconf 83' lang='lat' dir='ltr'><strong>flammis.</strong></span> <span class='ocrx_word' id='word_1_222' title='bbox 416 3405 491 3475; x_wconf 81' lang='lat' dir='ltr'><strong>Quae</strong></span> <span class='ocrx_word' id='word_1_223' title='bbox 506 3413 616 3463; x_wconf 83' lang='lat' dir='ltr'><strong>tentum</strong></span> <span class='ocrx_word' id='word_1_224' title='bbox 632 3406 797 3466; x_wconf 81' lang='lat' dir='ltr'><strong>accenderit</strong></span> <span class='ocrx_word' id='word_1_225' title='bbox 810 3408 907 3485; x_wconf 79' lang='lat' dir='ltr'><strong>ignem</strong></span> 
     </span>
     <span class='ocr_line' id='line_1_37' title="bbox 72 3483 781 3559; baseline 0.003 -17"><span class='ocrx_word' id='word_1_226' title='bbox 72 3484 169 3542; x_wconf 74' lang='lat' dir='ltr'><strong>Causa</strong></span> <span class='ocrx_word' id='word_1_227' title='bbox 182 3483 270 3555; x_wconf 78' lang='lat' dir='ltr'><strong>letet;</strong></span> <span class='ocrx_word' id='word_1_228' title='bbox 292 3483 357 3541; x_wconf 92' lang='lat' dir='ltr'><strong>duri</strong></span> <span class='ocrx_word' id='word_1_229' title='bbox 371 3503 475 3559; x_wconf 84' lang='lat' dir='ltr'><strong>meguo</strong></span> <span class='ocrx_word' id='word_1_230' title='bbox 490 3485 541 3542; x_wconf 88' lang='lat' dir='ltr'><strong>sed</strong></span> <span class='ocrx_word' id='word_1_231' title='bbox 556 3504 652 3543; x_wconf 80' lang='lat' dir='ltr'><strong>umore</strong></span> <span class='ocrx_word' id='word_1_232' title='bbox 667 3486 781 3544; x_wconf 89' lang='lat' dir='ltr'><strong>dolores</strong></span> 
     </span>
     <span class='ocr_line' id='line_1_38' title="bbox 72 3562 812 3642; baseline 0.007 -23"><span class='ocrx_word' id='word_1_233' title='bbox 72 3562 199 3637; x_wconf 87' lang='lat' dir='ltr'><strong>Polluto,</strong></span> <span class='ocrx_word' id='word_1_234' title='bbox 213 3570 372 3639; x_wconf 89' lang='lat' dir='ltr'><strong>notumque</strong></span> <span class='ocrx_word' id='word_1_235' title='bbox 384 3562 483 3621; x_wconf 81' lang='lat' dir='ltr'><strong>furens</strong></span> <span class='ocrx_word' id='word_1_236' title='bbox 497 3563 567 3639; x_wconf 91' lang='lat' dir='ltr'><strong>quid</strong></span> <span class='ocrx_word' id='word_1_237' title='bbox 580 3564 699 3623; x_wconf 86' lang='lat' dir='ltr'><strong>loemino</strong></span> <span class='ocrx_word' id='word_1_238' title='bbox 711 3567 812 3642; x_wconf 88' lang='lat' dir='ltr'><strong>possit,</strong></span> 
     </span>
     <span class='ocr_line' id='line_1_39' title="bbox 72 3639 856 3720; baseline 0.008 -23"><span class='ocrx_word' id='word_1_239' title='bbox 72 3639 169 3697; x_wconf 86' lang='lat' dir='ltr'><strong>Triste</strong></span> <span class='ocrx_word' id='word_1_240' title='bbox 183 3660 236 3715; x_wconf 90' lang='lat' dir='ltr'><strong>per</strong></span> <span class='ocrx_word' id='word_1_241' title='bbox 249 3643 400 3717; x_wconf 81' lang='lat' dir='ltr'><strong>augurium</strong></span> <span class='ocrx_word' id='word_1_242' title='bbox 414 3642 594 3700; x_wconf 88' lang='lat' dir='ltr'><strong>Teucrorum</strong></span> <span class='ocrx_word' id='word_1_243' title='bbox 608 3653 725 3720; x_wconf 80' lang='lat' dir='ltr'><strong>pectora</strong></span> <span class='ocrx_word' id='word_1_244' title='bbox 738 3646 856 3703; x_wconf 82' lang='lat' dir='ltr'><strong>ducunt.</strong></span> 
     </span>
    </p>
   </div>
   <div class='ocr_carea' id='block_1_7' title="bbox 112 3717 873 3802">
    <p class='ocr_par' dir='ltr' id='par_1_24' title="bbox 112 3717 873 3802">
     <span class='ocr_line' id='line_1_40' title="bbox 112 3717 873 3802; baseline 0.009 -25"><span class='ocrx_word' id='word_1_245' title='bbox 112 3717 154 3777; x_wconf 91' lang='lat' dir='ltr'><strong>Ut</strong></span> <span class='ocrx_word' id='word_1_246' title='bbox 167 3718 291 3795; x_wconf 78' lang='lat' dir='ltr'><strong>pelagus</strong></span> <span class='ocrx_word' id='word_1_247' title='bbox 301 3719 422 3781; x_wconf 69' lang='lat' dir='ltr'><strong>tenuere</strong></span> <span class='ocrx_word' id='word_1_248' title='bbox 435 3729 520 3799; x_wconf 77' lang='lat' dir='ltr'><strong>roteS,</strong></span> <span class='ocrx_word' id='word_1_249' title='bbox 533 3742 588 3781; x_wconf 90' lang='lat' dir='ltr'><strong>nec</strong></span> <span class='ocrx_word' id='word_1_250' title='bbox 597 3726 661 3801; x_wconf 83' lang='lat' dir='ltr'><strong>jem</strong></span> <span class='ocrx_word' id='word_1_251' title='bbox 675 3720 800 3802; x_wconf 77' lang='lat' dir='ltr'><strong>emplius</strong></span> <span class='ocrx_word' id='word_1_252' title='bbox 810 3723 873 3783; x_wconf 73' lang='lat' dir='ltr'><strong>ullu</strong></span> 
     </span>
    </p>
   </div>
   <div class='ocr_carea' id='block_1_8' title="bbox 0 0 1204 4178">
    <p class='ocr_par' dir='ltr' id='par_1_25' title="bbox 0 0 1204 4178">
     <span class='ocr_line' id='line_1_41' title="bbox 0 0 1204 4178; baseline 0 3"><span class='ocrx_word' id='word_1_253' title='bbox 0 0 1204 4178; x_wconf 95' lang='lat' dir='ltr'><strong> </strong></span> 
     </span>
    </p>
   </div>
  </div>
 </body>
</html>
