2370 4176
499 193 614 249 LIBER
631 193 684 250 111.

99 344 157 404 Per
169 342 277 402 silvas.
298 349 360 401 ιιιιιι
373 359 469 402 sevus
483 361 564 420 aper,
577 351 640 402 tum
652 343 779 436 pessima
791 343 891 437 tigris:

100 422 186 482 Heu!
208 419 286 480 male
299 428 362 479 tum
375 419 477 497 Libye
491 421 560 479 solis
574 421 725 480 erraturin
734 422 835 498 agria.-
1070 472 1075 482 .

100 501 209 560 Nonne
222 500 306 565 vadas
318 507 351 558 ut
362 505 423 557 tota
435 507 542 563 tremor
554 507 698 576 pertentet
709 518 852 577 equorum
1024 508 1082 567 250

99 577 276 656 Corpora,
253 573 404 636 sitantum
416 585 499 636 notas
512 573 691 637 odorattulit
703 580 806 636 auras?
964 627 971 636 .

102 659 146 716 Ac
160 674 257 733 neque
270 674 321 714 eos
330 657 393 734 jam
406 655 536 716 irena'
508 655 612 732 mrim,
625 675 731 734 neque
734 656 855 716 verbero
868 676 956 734 saro,

101 735 131 795 N
132 754 170 792 on
184 733 306 812 scopuli,
321 751 466 812 rupesque
479 752 570 811 cavae,
584 742 672 826 atque
686 734 802 813 objecta
812 737 957 796 retardant

101 813 239 872 Flumina
251 820 399 890 correptos
411 813 490 871 uadi
503 813 665 890 torquentia
677 821 799 872 montes.
863 852 866 856 ›

97 892 169 968 'lpse
183 891 240 949 ruit
252 891 412 968 dentesque
427 891 588 956 Sabellicus
603 893 720 950 exacuit
733 911 792 968 sus,
1024 897 1082 954 255

102 970 143 1029 Et
153 971 231 1047 pede
243 968 404 1047 prosubigit
415 977 530 1046 terrm,
544 969 627 1028 hicat
640 970 740 1028 arbore
754 978 858 1046 costas,

102 1051 199 1124 Atque
213 1047 282 1105 hinc
297 1055 382 1140 atque
395 1047 476 1105 illinc
490 1013 626 1106 ιιιιιιιιιοι
641 1049 677 1106 ad
689 1049 812 1106 vulnera
824 1050 964 1109 durat.

141 1125 246 1204 QuidJ'
248 1127 351 1184 uvenis
365 1145 501 1202 magnum
515 1127 563 1184 cui
576 1127 693 1186 versat'
684 1146 715 1184 ιιι
729 1126 864 1185 ossibus
855 1142 954 1204 ignem

102 1204 200 1262 Durus
214 1205 313 1263 arnor?
333 1222 442 1280 nempe
456 1202 583 1280 abruptis
596 1205 709 1263 turbata
721 1205 856 1281 procellis
1137 1261 1140 1265 ,

102 1282 133 1340 N
134 1290 198 1340 octe
211 1289 291 1339 natat
303 1282 384 1340 caecai
398 1300 479 1340 serus
492 1281 580 1340 freta:
601 1301 689 1359 quem
703 1302 789 1359 super
801 1284 912 1359 ingens.
1022 1290 1081 1343 260

102 1359 190 1419 Ροιιι
202 1367 282 1419 tonat
296 1360 371 1434 coeli,
386 1360 555 1436 etscopulis
568 1360 645 1418 illisa
657 1361 815 1420 reclamant

102 1439 234 1515 AEquora
243 1458 261 1510 ;¹
273 1443 328 1496 nec
342 1438 440 1496 miseri
452 1446 575 1515 possunt
587 1457 722 1496 revocare
735 1448 879 1516 parentes,
971 1470 986 1483 «-

101 1516 131 1579 N
133 1535 167 1574 ee
180 1516 318 1574 moritura
330 1535 418 1592 super
431 1516 543 1574 crudeli
555 1516 656 1575 funere
670 1518 760 1592 virgo.
831 1552 835 1558 -
878 1547 883 1559 ι

141 1594 222 1665 Quid
235 1594 335 1671 lynces
348 1595 460 1653 Bacchi
473 1595 570 1671 varie,
585 1603 615 1653 et
627 1614 719 1670 genus
733 1614 799 1654 aere
813 1595 957 1673 luporum,

102 1674 200 1749 Atque
214 1675 342 1741 canum?
364 1673 445 1749 quid,
456 1693 524 1749 quae
538 1673 672 1731 imbelles
680 1675 755 1732 dant
766 1675 869 1751 proelia
881 1677 982 1734 certi?
1023 1680 1081 1735 265

102 1751 221 1809 Scilicet
235 1759 300 1809 ante
315 1770 416 1810 omnes
429 1751 508 1809 furor
520 1760 564 1810 est
577 1752 698 1827 insignis
712 1771 870 1828 equarum:
1123 1762 1125 1766 '

102 1829 142 1887 Et
155 1837 283 1888 mentem
295 1828 421 1888 Venus
413 1849 476 1906 ipsa
489 1831 578 1905 dedit,
593 1849 649 1905 quo
651 1838 793 1925 tempore
808 1831 914 1890 Glauci

102 1906 257 1966 Potniades
271 1907 353 1964 malis
367 1906 497 1966 membra
510 1905 696 1986 absumpsere
710 1909 863 1984 quadriga.

104 1985 170 2043 Illas
184 1986 264 2044 ducit
277 2005 357 2045 amor
369 1994 446 2044 trans
461 1987 597 2062 Gargara,
607 1996 743 2062 transque
757 1997 907 2046 sonantem
988 2003 991 2007 ’
1070 2018 1089 2027 ν

101 2064 277 2135 Ascanium
300 2073 439 2140 superant
453 2073 575 2139 montes,
590 2072 621 2124 et
632 2065 754 2123 flumina
767 2073 896 2124 tranant:
1022 2068 1082 2124 270

102 2140 356 2238 Continuitque
320 2143 412 2201 avidis
425 2143 477 2200 ubi
490 2143 605 2200 subdita
617 2142 734 2200 flamma
747 2144 892 2220 medullis,

102 2219 179 2278 Vere
193 2239 295 2296 magrs,
309 2221 377 2296 quia
389 2239 457 2279 vere
472 2221 549 2279 calor
561 2221 635 2279 redit
648 2222 771 2297 ossibus,
786 2222 843 2280 illae
921 2278 927 2288 ,

103 2297 159 2356 Ore
174 2318 274 2358 omnes
287 2318 379 2359 versae
394 2300 426 2357 in
439 2299 610 2377 Zephyrum
624 2308 700 2358 stant
713 2301 832 2377 rupibus
847 2302 920 2377 altis,

103 2376 323 2454 Exceptantque
336 2377 417 2436 leves
431 2397 532 2450 auras3
555 2385 584 2435 et
597 2397 686 2454 saepe,
702 2380 764 2436 sine
778 2380 854 2438 ullis

103 2454 261 2534 Coujugiis,
275 2464 363 2514 vento
369 2456 501 2531 gravidae
521 2455 665 2532 (mirabile
679 2458 757 2514 dictu
767 2456 790 2533 ι)
1021 2458 1080 2514 275

104 2532 179 2591 Saxa
190 2553 243 2610 per
257 2543 287 2592 et
300 2534 436 2610 scopulos
451 2543 480 2592 et
494 2535 644 2610 depressas
659 2534 805 2592 convalles

102 2611 275 2688 Diffugiunt,
290 2618 359 2687 non,
374 2612 465 2686 Eure,
479 2621 552 2685 tuos,
567 2632 662 2689 neque
677 2612 745 2670 solis
759 2614 795 2670 ad
808 2619 897 2688 ortus,

102 2690 135 2746 lu
149 2690 286 2765 Boream,
302 2691 499 2766 Caerumque,
514 2699 563 2749 aut
575 2692 652 2748 unde
666 2692 837 2765 nigerrimus
850 2693 957 2749 Auster

103 2768 247 2861 Nascitur,
263 2777 292 2827 et
304 2769 404 2846 pluvio
419 2770 573 2828 contristat
578 2769 682 2844 frigore
698 2768 812 2825 eoelum.

64 2885 66 2890 ·
101 2844 158 2903 Hic
172 2847 301 2922 demum,
315 2848 505 2924 hippomanes
519 2866 587 2905 vero
602 2848 678 2923 quod
692 2847 809 2904 nomine
824 2846 925 2904 dicunt
1022 2835 1080 2903 280

100 2923 242 3000 Ριιιοιιιι,
255 2923 366 2983 lentum
381 2926 506 2984 destillat
520 2926 577 2983 ab'
569 2926 689 3001 inguine
702 2926 798 2983 virus:

101 3002 310 3080 Hippomanes,
324 3003 417 3081 quod
416 3023 493 3080 saepe
481 3001 592 3061 malae
606 3003 703 3079 legere
717 3023 860 3078 novercae,
906 3064 910 3069 ,

100 3079 341 3173 Miscueruntque
354 3081 468 3157 herbas,
483 3090 513 3139 et
525 3101 583 3139 non
597 3082 717 3139 innoxia
729 3083 854 3166 verba0
968 3105 973 3116 ·

102 3157 159 3216 Sed
172 3159 267 3234 fugit
258 3168 378 3235 ruterea,
387 3124 468 3251 fugit,
476 3160 659 3237 irreparabile
672 3169 797 3237 tempus,

102 3236 221 3313 Singula
235 3238 304 3295 dum
319 3237 395 3314 capti
408 3238 666 3296 circumvectamur
679 3257 784 3296 amore.
1021 3236 1080 3293 280

138 3316 205 3373 lloc
220 3312 288 3374 satis
302 3316 447 3374 armentis.
490 3316 614 3393 Superat
626 3335 690 3392 pars
705 3315 893 3390 alterumue,

101 3394 256 3486 Lanigeros
271 3394 378 3470 agitare
392 3412 493 3469 greges
506 3393 654 3470 hirtasque
667 3396 808 3470 capellas·
909 3412 912 3417 ’

101 3470 158 3529 Ηιι
172 3471 272 3545 labor3
293 3473 364 3530 hinc
377 3472 494 3530 laudem
507 3471 594 3530 fortes
608 3482 720 3565 sperate
734 3473 838 3530 coloni.

102 3549 164 3608 Nec
179 3570 243 3608 sum
261 3550 351 3611 animi
342 3550 471 3608 dubius
484 3548 580 3608 verbis
594 3569 630 3608 ea
641 3551 758 3608 vincere
772 3541 908 3622 magnum

103 3626 196 3697 Quam
211 3629 257 3700 sit,
273 3637 303 3687 et
316 3629 445 3703 angustis
455 3628 533 3686 hune
548 3628 653 3686 addere
668 3628 753 3685 rebus
767 3627 915 3683 honorem
1021 3625 1080 3680 290
1151 3651 1156 3659 ’

101 3705 159 3764 Sed
172 3725 220 3764 me
233 3706 370 3765 Parnassi
384 3707 497 3765 deserta
509 3724 561 3783 per
574 3707 662 3763 ardua
675 3705 767 3763 dulcis
