2400 4178
515 213 633 269 LIBER
651 213 677 267 Ι.

106 363 147 421 Et
160 381 250 438 genus
263 361 399 438 invisum,
413 369 443 421 ot
454 362 529 439 repti
543 363 721 440 Ganymedis
732 362 868 424 honores.
903 390 909 397 ·
960 383 963 388 ·

106 441 162 499 His
176 460 299 500 accense
312 459 408 519 super,
416 444 541 520 jactatos
555 461 671 518 aequore
685 449 745 500 toto
890 440 910 463 ’·

106 520 207 595 Troas,
221 519 354 595 reliquias
368 519 503 578 Danairm
518 528 603 596 atque
617 520 736 578 immitis
749 520 869 595 Achilli,

105 598 232 657 Arcebat
243 595 329 673 longe
345 599 447 657 Latio:
469 599 631 675 multosque
645 618 697 676 per
711 618 800 657 annos

105 676 249 736 Errabant
262 677 318 734 acti
331 675 395 735 fetis
409 676 608 736 mariaomnia
621 679 741 735 circum.

106 757 208 814 Tnntae
222 755 306 813 molis
320 764 381 814 erat
393 756 555 814 Romanam
570 757 694 814 condere
707 758 844 832 gentem!

144 835 205 892 Vix
219 853 236 892 e
250 843 406 911 conspectu
421 834 528 892 Siculae
542 835 652 894 telluris
666 836 695 892 in
710 835 799 893 altum
812 869 815 872 >

105 913 182 971 Vela
195 913 301 970 dabant
313 914 381 988 laeti,
394 921 423 970 et
437 933 553 993 spumas
567 905 634 972 salis
649 932 705 970 aere
719 912 856 986 ruebant;

107 993 205 1062 Quum
218 991 305 1066 Juno,
321 1000 460 1050 aeternum
475 986 592 1050 servans
607 990 660 1049 sub
673 1000 790 1067 pectore
804 992 919 1066 vulnus,

107 1071 182 1126 Haec
197 1089 313 1127 secum:
335 1070 427 1127 Mene
440 1069 555 1146 incepto
570 1071 708 1128 desistere
721 1071 850 1128 victam?
941 1072 944 1077 ’

106 1148 137 1206 N
139 1167 172 1205 eo
185 1166 270 1224 posse
285 1147 369 1204 Italii
383 1146 563 1206 Teucrorum
577 1157 705 1207 avertere
719 1151 840 1224 regem?

108 1225 225 1302 Quippe
238 1233 320 1283 vetor
332 1224 416 1283 latis!
439 1225 572 1284 Pallasne
587 1246 707 1284 exurere
720 1227 843 1285 classem

106 1304 256 1380 Argivum,
272 1311 356 1379 atque
370 1303 448 1380 ipsos
460 1304 554 1381 potuit
567 1305 750 1379 submergere
763 1314 861 1381 ponto,

106 1384 201 1442 Unius
216 1383 252 1439 ob
266 1400 374 1440 noxam
389 1389 418 1439 et
430 1382 518 1440 furias
532 1383 632 1461 Ajaois
647 1383 745 1441 Oilei?

107 1463 183 1539 lpse,
196 1461 277 1519 Jovis
291 1461 422 1538 rapidum
433 1461 560 1539 jaculata
574 1481 590 1519 e
604 1461 729 1519 nubibus
743 1460 853 1537 ignem,

106 1540 286 1619 Disjecitque
301 1548 384 1615 rates,
399 1541 558 1617 evertitque
572 1560 686 1617 aequora
699 1540 792 1598 ventis
804 1559 812 1610 ;

107 1620 194 1676 Illum
208 1619 401 1694 exspirantem
415 1620 552 1677 transfixo
565 1632 681 1695 pectore
695 1619 826 1676 flammas

107 1698 237 1755 Turbine
252 1697 396 1773 corripuit,
412 1697 589 1774 scopuloque
603 1698 699 1755 infixit
713 1706 815 1755 acuto:

106 1778 161 1833 Ast
175 1794 239 1850 ego,
254 1794 318 1851 quae
333 1773 432 1831 divium
446 1776 550 1833 incedo
564 1777 672 1851 regina,
687 1775 704 1832 J
706 1777 825 1851 ovisque

107 1855 148 1932 Et
162 1872 240 1911 soror
254 1862 283 1911 et
296 1855 414 1929 conjux,
428 1853 487 1912 unis
501 1873 566 1910 cum
581 1862 667 1928 gente
680 1860 723 1910 tot
736 1871 827 1909 annos

45 1974 47 1978 ι
107 1933 191 1990 Bella
204 1935 288 2008 gero!
310 1932 352 1990 Et
364 1932 515 2009 quisquam
528 1951 637 1989 numen
650 1931 774 1989 Junonis
788 1930 887 1989 adoret

106 2013 260 2085 Praeterea,
276 2019 324 2068 aut
338 2011 460 2086 supplex
474 2010 529 2069 eris
539 2011 668 2086 imponat
681 2010 845 2067 honorem?

145 2091 230 2147 Talia
243 2090 388 2147 flammato
402 2108 502 2146 secum
516 2090 572 2146 dea
585 2089 672 2146 corde
686 2088 828 2166 volutanS,

106 2169 138 2227 N
138 2169 279 2227 imborum
293 2169 323 2225 in
337 2168 468 2245 patriam,
482 2167 548 2225 loca
559 2167 629 2224 foeta
642 2165 803 2224 furentibus
817 2165 929 2240 austris,

105 2247 234 2305 AEoliam
247 2248 336 2305 venit.
378 2245 438 2304 Hic
451 2254 532 2305 vasto
547 2265 598 2304 rex
612 2245 716 2303 AEblus
732 2253 812 2303 antro

106 2327 262 2384 Luctantes
275 2333 377 2384 ventos
391 2333 635 2402 tempestatesque
649 2344 769 2383 sonoras

107 2405 233 2482 Imperio
246 2403 360 2481 premit,
375 2423 408 2461 ac
423 2404 526 2461 vinclis
540 2411 569 2461 et
583 2422 696 2461 carcere
710 2403 819 2460 lraenat

107 2482 154 2539 Illi
168 2482 350 2557 indignantes
364 2501 470 2556 magno
484 2500 549 2539 cum
564 2500 709 2538 murmure
724 2481 830 2538 montis

107 2561 225 2618 Circum
239 2560 362 2617 claustra
373 2559 506 2616 fremunt.
549 2559 637 2617 Celsi
651 2561 734 2616 sedet
746 2558 850 2615 AEolus
865 2576 940 2633 arce,

109 2639 228 2713 Sceptra
241 2644 362 2708 tenens,
377 2634 534 2711 ¹mollitque
549 2637 668 2710 animos,
684 2645 713 2695 et
726 2642 865 2712 temperat
878 2637 943 2694 iras.

106 2716 148 2774 Ni
162 2715 256 2788 saciat,
272 2712 370 2788 maria,
386 2731 419 2770 ac
433 2720 530 2788 terras,
545 2713 707 2789 caelumque
720 2714 904 2790 profundum,

109 2795 225 2871 Quippe
240 2793 332 2851 lerant
344 2790 436 2869 rapidi
450 2809 559 2866 secum,
574 2800 743 2868 verrantque
757 2811 809 2868 per
822 2811 912 2849 auras.

108 2873 165 2930 Sed
180 2881 262 2950 pater
275 2871 457 2948 omnipotens
472 2870 617 2947 speluncis
632 2870 741 2929 abdidit
755 2871 832 2947 stris,

107 2953 173 3012 Hoc
188 2960 320 3009 metuens
333 2969 343 3007 :·
360 2950 525 3026 molemque
539 2958 568 3007 et
584 2959 697 3008 montes
707 2950 825 3027 insuper
839 2949 911 3009 altos

108 3031 264 3107 Imposuit;
287 3047 442 3105 regemque
457 3029 546 3101 dedit,
561 3029 610 3105 qui
623 3029 730 3086 foedere
745 3036 826 3087 certo

107 3109 148 3167 Et
159 3127 302 3186 premere,
317 3115 346 3165 et
358 3107 440 3166 laxas
454 3108 539 3166 sciret
553 3107 620 3164 dare
630 3111 729 3186 jussus
743 3106 880 3165 habenas.

107 3188 154 3245 Ad
168 3207 254 3264 quem
267 3195 328 3245 tum
342 3186 420 3245 Juno
434 3186 558 3264 supplex
570 3185 616 3244 his
630 3186 749 3245 vocibus
762 3206 815 3244 usa
829 3195 889 3245 est:

145 3265 233 3324 AEole
251 3263 389 3342 (namque
402 3266 456 3324 tibi
469 3265 568 3324 divirm
581 3275 663 3341 pater
677 3275 761 3342 utque
775 3264 925 3323 hominum
938 3281 991 3322 rex

107 3345 148 3404 Et
164 3344 291 3405 mulcere
305 3344 386 3403 dedit
397 3345 511 3421 fluctus,
526 3352 556 3402 et
569 3344 669 3401 tollere
683 3342 798 3421 vento),

108 3423 189 3490 Gens
202 3421 321 3481 inimica
333 3422 405 3480 mihi
419 3423 602 3500 Tyrrhenum
617 3423 732 3498 navigat
745 3440 852 3498 sequor,

108 3500 197 3559 Ilium
209 3499 241 3561 in
255 3498 369 3558 ltaliam
382 3510 507 3578 portans,
521 3502 670 3578 victosque
683 3502 829 3559 Penates:
992 3572 997 3582 Ι

108 3578 212 3639 Incute
224 3578 285 3639 vim
296 3579 403 3655 ventis,
418 3581 635 3658 submersasque
650 3580 740 3638 obrue
753 3595 883 3656 puppes,

106 3659 168 3719 Aut
179 3674 234 3735 age
247 3656 386 3733 diversos,
402 3666 431 3717 et
444 3659 546 3737 disjice
560 3679 678 3736 corporo
690 3666 788 3736 ponto.
822 3677 824 3680 ·

108 3736 183 3799 Sunt
194 3734 270 3801 mihi
281 3735 327 3797 bis
340 3743 452 3818 septem
464 3738 609 3818 prestanti
623 3743 741 3817 corpore
756 3735 788 3794 N
788 3732 916 3818 ymphoe,

1045 523 1088 578 8⁰
