2400 4178
527 218 642 276 arans
659 220 710 276 ιιι.
785 205 796 216 “

108 367 272 442 Germane,
287 368 434 444 tonsisque
448 367 544 428 serunt
557 363 801 429 manteliavillis.

106 445 178 503 Pars
192 445 285 522 epulis
299 455 417 504 onerant
431 466 556 522 mensas,
571 455 600 505 et
612 447 699 524 plena
712 457 856 524 reponunt

106 521 236 596 Pocula3
258 525 411 582 Panchaeis
426 525 595 584 adolescunt
608 526 723 602 ignibus
737 545 802 584 arae.

107 603 148 661 Et
161 610 261 676 mater,
277 603 358 679 Cape
372 603 494 661 Maeonii
508 604 656 662 carchesia
669 602 829 678 Bacchi,

108 681 227 740 Oceano
240 680 375 756 libemus,
390 682 463 738 ait.
480 682 594 739 Simul
586 702 649 759 rpsa
661 691 794 758 precatur

108 759 317 835 Oceanumque
331 768 441 835 patrem
455 778 561 835 rerum,
576 761 787 839 Nymphasque
801 779 932 837 sorores,
1007 804 1009 806 -
1047 781 1050 785 ’

107 839 234 896 Centum
248 857 312 913 quae
327 838 422 912 silvas,
437 848 554 896 centum
569 858 633 914 quae
647 839 767 909 flumina
780 850 902 900 servant.

107 915 166 974 Ter
179 915 287 992 liquido
303 917 451 974 ardentem
464 916 592 991 perfudit
604 925 720 975 nectare
733 917 873 991 Vestam,

107 992 167 1050 Ter
181 993 299 1051 flamma
313 995 349 1052 ad
364 1013 511 1052 summum
526 995 596 1052 tecti
610 994 724 1072 subject
725 1015 742 1052 a
712 995 869 1054 reluxrt

108 1071 214 1130 Omine
229 1091 285 1148 quo
299 1073 415 1129 firmans
430 1072 567 1163 animum,
583 1073 623 1130 sic
638 1073 760 1163 incipit'
752 1093 833 1150 rpsa.

147 1150 224 1206 Est
216 1170 246 1206 ιιι
229 1093 418 1226 qCarpathio
432 1150 564 1226 Neptuni
579 1151 688 1226 gurgite
703 1159 793 1227 vates,

109 1227 259 1285 Caeruleus
272 1228 405 1303 Proteus,
420 1247 558 1303 magnum
570 1229 621 1303 qui
633 1228 761 1304 piscibus
776 1249 876 1305 aequor

108 1305 149 1364 Et
159 1309 260 1384 juncto
273 1305 412 1382 bipedum
427 1324 512 1363 curru
526 1315 586 1364 met
574 1307 642 1364 titur
656 1326 811 1382 equorum.

109 1384 168 1441 Hic
182 1405 259 1442 nunc
275 1384 420 1442 Emathiae
435 1392 533 1460 portus
547 1385 726 1460 patriamque
740 1387 839 1444 revisit
933 1455 937 1460 1

108 1461 268 1521 Pallenen:
290 1463 367 1520 hunc
382 1471 411 1521 et
424 1462 571 1539 Nymphae
585 1481 765 1539 veneramur,
781 1465 885 1540 etipse

109 1542 289 1600 Grandaevus
303 1542 437 1614 Nereus;
459 1542 539 1599 novit
553 1560 677 1617 namque
691 1542 788 1599 omnia
800 1551 891 1618 vates,

110 1620 186 1690 Quae
201 1621 266 1695 sint,
281 1640 345 1696 quae
359 1620 473 1696 fuerint,
488 1638 553 1695 quae
568 1639 638 1679 mox
651 1630 771 1678 ventura
784 1621 938 1681 trahantur.

110 1698 249 1775 Quippe
242 1707 282 1756 ιιιι
294 1699 433 1774 Neptuno
446 1699 542 1755 visum
557 1707 610 1771 est,
624 1699 762 1756 immania
775 1701 859 1776 cujus

109 1779 291 1834 Armentat
262 1784 291 1833 et
304 1784 404 1870 turpes
415 1777 508 1851 pascit
521 1776 575 1833 sub
589 1777 700 1850 gurgite
714 1777 831 1853 phocas.

110 1854 168 1911 Hic
182 1854 244 1930 tibi,
258 1863 334 1932 nate,
346 1851 425 1930 priris
438 1853 541 1912 vinclis
555 1854 725 1930 capiundas,
739 1862 772 1911 ιιι
786 1874 900 1913 omnem

109 1933 256 2009 Expediet
269 1927 361 1990 morbi
375 1950 491 1989 causam
507 1939 684 2007 eventusque
698 1933 845 1990 secundet.

109 2011 187 2069 Nam
201 2012 263 2069 sine
277 2011 306 2069 vi
320 2030 378 2068 non
393 2010 453 2067 ulla
466 2009 544 2069 dabit
558 2018 712 2086 praecepta,
726 2029 822 2086 neque
836 2010 917 2069 illum

110 2091 228 2150 Orando
241 2090 361 2149 flectes·
382 2089 442 2147 vim
457 2090 557 2146 duram
572 2096 602 2145 et
614 2088 730 2146 vincula
743 2098 827 2164 capto

111 2168 233 2226 Tende·
227 2212 234 2240 ,
257 2168 354 2230 doli
329 2185 440 2225 crrcum
454 2163 518 2224 haec
532 2167 650 2224 demum
664 2167 795 2242 frangent
796 2186 829 2224 ur
843 2167 954 2225 inanes
1029 2174 1087 2226 400

109 2247 177 2323 Ipsa
190 2266 244 2322 ego
258 2254 296 2322 te,
312 2246 422 2303 medios
436 2264 525 2321 quum
540 2246 582 2302 sol
597 2245 759 2303 accenderit
773 2253 869 2320 astus,

110 2325 210 2398 Quum
226 2325 326 2383 sitiunt
339 2324 446 2398 herbae,
462 2331 491 2380 et
504 2324 601 2419 pecori
611 2326 673 2402 jam
687 2324 792 2398 gratior
804 2324 906 2382 umbra
919 2332 972 2399 est,

109 2405 145 2462 Ιιι
159 2413 268 2463 secreta
281 2402 359 2461 senis
373 2402 486 2476 ducam,
501 2399 559 2476 qud
573 2402 665 2460 sessus
680 2401 715 2459 ab
728 2402 814 2460 undis

111 2483 149 2539 Se
163 2482 273 2574 recipit,
288 2478 372 2538 facile
387 2489 420 2539 ut
433 2499 534 2538 somno
548 2481 712 2556 aggrediare
722 2482 878 2558 jacentem.

102 2557 221 2616 ,Verum
235 2559 285 2617 ubi
299 2567 461 2634 correptum
476 2558 608 2616 manibus
621 2559 783 2633 vinclisque
796 2558 919 2633 tenebis,

111 2636 188 2694 Tum
202 2638 289 2694 variae
303 2636 422 2694 eludent
435 2637 549 2712 species
563 2644 648 2712 atque
662 2637 865 2694 craterarum.
948 2680 953 2696 .-

110 2717 179 2773 Fiet
192 2715 270 2772 enim
284 2711 378 2771 subitd
394 2733 441 2771 sus
455 2714 597 2788 horridus,
612 2723 729 2806 atraque
743 2715 832 2789 tigris,

112 2794 347 2870 squamosusque
361 2793 455 2867 draco,
471 2800 500 2849 et
513 2792 593 2850 fulva
605 2793 718 2851 cervice
731 2793 843 2866 leaena;

110 2874 171 2931 Aut
184 2891 279 2930 acrem
292 2871 416 2928 flammae
428 2868 552 2930 sonitum
568 2871 655 2944 dabit,
671 2876 756 2946 atque
770 2871 810 2928 ita
820 2871 923 2930 vinclis

110 2951 246 3026 Excidet,
262 2950 332 3007 aut
323 2965 352 3006 ιιι
368 2968 456 3042 aquas
470 2957 573 3006 tenues
587 2949 713 3026 dilapsus
728 2949 825 3006 abibit
970 2955 973 2964 '

66 3079 69 3084 .
112 3030 170 3087 Sed
184 3025 292 3164 quanttd
306 3027 355 3085 ille
370 3025 460 3123 magis
474 3028 578 3085 formas
592 3046 623 3084 se
636 3028 750 3085 vertet
742 3047 772 3084 ιιι
787 3045 898 3102 omnes,

111 3104 215 3182 Tanto,
231 3127 267 3165 na
268 3115 306 3179 te,
322 3103 413 3197 magis
424 3106 570 3164 contende
583 3105 695 3164 tenacia
707 3106 822 3179 vincia3

110 3187 214 3245 Donec
229 3185 292 3244 talis
306 3184 360 3241 erit
373 3192 483 3257 mutato
497 3203 614 3260 corpore
629 3184 743 3259 qualem

110 3264 227 3323 Videris
241 3263 357 3339 incepto
371 3270 481 3338 tegeret
494 3282 584 3337 quum
597 3262 712 3319 lumina
720 3281 830 3321 somno.

151 3343 227 3400 Haec
242 3341 289 3416 ait,
306 3349 335 3398 et
347 3340 490 3416 liquidum
504 3340 653 3398 ambrosiae
668 3339 804 3398 diffundit
817 3339 945 3411 odorem,
1030 3341 1089 3396 415

114 3421 181 3491 Quo
196 3428 289 3477 totum
303 3419 369 3476 nati
377 3439 479 3495 corpus
493 3418 646 3495 perduxit.
668 3417 752 3475 atilli

112 3499 216 3557 Dulcis
230 3497 396 3590 compositis
410 3497 528 3574 spiravit
541 3495 668 3554 crinibus
683 3514 760 3570 aura,

69 3598 70 3601 ¹
112 3579 209 3652 Atque
222 3574 326 3634 habilis
341 3575 477 3633 membris
490 3573 572 3633 venit
584 3574 673 3648 vigor.
715 3573 771 3632 Est
784 3589 887 3648 specus
900 3563 1034 3646 ingens

112 3656 204 3714 Exesi
218 3654 351 3713 laterem
365 3653 480 3746 montis,
495 3671 552 3728 quo
538 3651 691 3728 plurima
704 3658 791 3708 vento

113 3733 265 3813 cogitur,
256 3741 346 3810 mque
360 3731 440 3791 sinus
456 3731 561 3790 scindit
574 3748 639 3818 sese
651 3730 729 3790 unda
743 3729 886 3804 reductos,
1032 3729 1095 3784 420
