2400 4178
111 202 164 266 lssl
512 204 695 263 AENEIDOS

72 302 89 329 θ

110 359 253 420 Fluminis
267 357 391 417 intristis
404 357 489 435 ripas,
504 365 645 436 portuque
659 357 780 433 sedetis3

109 441 140 499 N
142 460 158 498 e
172 439 259 515 sugite
274 438 446 515 hospitium,
467 456 541 495 neve
552 438 684 516 ‚ignorate
698 437 816 496 Latinos

111 518 225 578 Saturni
239 527 363 595 gentem,
375 517 452 575 haud
464 517 560 574 vinclo
574 536 628 574 nec
644 516 755 593 legibus
769 534 891 595 requam,

110 600 218 676 Sponte
233 599 294 671 sui,
309 597 470 674 veterisque
484 596 532 653 dei
546 614 577 653 se
591 616 670 653 more
684 606 840 655 tenentem.

107 683 204 755 Atque
218 676 352 754 equidem
367 675 487 734 memini
505 674 596 751 (lama
609 684 653 733 est
667 675 815 734 obscurior
828 674 925 755 annis)

107 760 258 814 Auruncos
271 756 311 813 ita
324 754 397 813 serre
411 772 513 827 scnes;
542 754 587 812 bis
602 764 680 813 ortus
694 763 725 812 ut
739 757 812 832 agris

108 836 259 894 Dardanus
274 830 368 892 ldaea's
381 834 516 912 Phrygiae
530 834 686 910 penelnirit
699 834 735 891 ad
748 835 844 909 urbes,

108 914 329 993 Threiciamque
346 914 474 989 Samum,
489 932 553 992 quse
568 932 646 971 nunc
662 913 858 972 Samothracia
870 912 968 975 ferun.

107 992 186 1052 Hinc
200 993 281 1052 illum
296 994 417 1070 Corythi
431 993 582 1070 Tyrrheni
597 992 632 1051 ab
647 994 715 1050 sede
728 993 890 1071 profectum

106 1076 204 1131 Aurea
217 1092 292 1130 nunc
307 1073 378 1131 solio
392 1072 531 1131 stellantis
545 1072 623 1148 regia
636 1072 702 1129 coeli

107 1153 229 1230 Accipit,
244 1161 273 1210 et
286 1170 436 1210 numemm
450 1152 581 1209 divorum
596 1151 731 1209 altaribus
745 1152 831 1211 addit.

147 1233 284 1304 Dixerat3
306 1244 335 1290 et
349 1232 424 1290 dicta
438 1231 565 1289 Ilioneus
579 1230 620 1288 sic
633 1249 706 1288 voce
720 1239 853 1290 secutus:

107 1310 183 1385 Rex,
199 1330 288 1387 genus
298 1312 449 1389 'egregium
464 1311 569 1385 Fauni,
583 1327 637 1367 nec
650 1309 877 1370 fluctibusactos

107 1392 177 1448 Atra
190 1391 303 1466 subegit
316 1390 409 1448 hiems
423 1391 524 1449 vestris
536 1390 692 1449 succedere
706 1392 804 1464 tems,

107 1470 172 1528 Nec
189 1471 267 1528 sidus
281 1471 397 1545 regione
411 1471 466 1527 vire
481 1470 595 1533 littusve
608 1467 718 1526 fefellit.

43 1574 46 1581 Δ
108 1548 237 1606 Consilio
250 1549 325 1606 hanc
340 1567 441 1607 omnes
454 1549 613 1624 animisque
626 1547 790 1606 volentibus
804 1548 905 1607 urbem

107 1627 272 1704 Afferimur,
286 1628 362 1704 pulsi
376 1627 480 1703 regnis,
495 1646 559 1704 quae
574 1627 700 1684 maxima
713 1628 858 1704 quondum

107 1706 247 1765 Extremo
260 1707 380 1765 veniens
393 1707 435 1765 sol
451 1706 627 1784 adspiciebat
641 1706 774 1784 Olympo.
810 1722 816 1749 ·

107 1785 154 1843 Ab
167 1787 240 1844 Jove
253 1787 426 1864 principium
441 1787 570 1862 generis3
591 1787 664 1844 Jove
678 1788 814 1845 Dardana
826 1785 918 1864 pubes

108 1865 223 1924 Gaudet
236 1885 306 1923 avo:
329 1885 380 1924 rex
394 1867 466 1945 ipse,
480 1866 561 1924 Jovis
574 1866 611 1924 de
624 1874 710 1942 gente
724 1867 868 1944 supremi,

108 1944 212 2003 Troius
225 1946 336 2003 AEneas
349 1954 399 2004 tua
412 1965 466 2004 nos
479 1947 515 2004 ad
529 1946 629 2003 limina
643 1945 728 2004 misit.

108 2023 224 2094 Quanta
236 2043 288 2102 per
301 2025 395 2082 Idaeos
409 2025 495 2082 aoevis
508 2024 600 2083 effusa
613 2025 750 2100 Mycenis

107 2103 276 2181 Tempestas
290 2104 354 2162 ierit
367 2123 495 2180 campos,
509 2103 614 2180 quibus
627 2112 709 2177 actus
721 2113 841 2179 uterque

106 2181 232 2260 Europae
247 2189 331 2258 atque
345 2184 423 2240 Asiae
437 2183 503 2240 satis
516 2183 689 2240 concurrerit
703 2182 788 2257 orbis,

106 2262 215 2336 Audiit,
230 2270 257 2320 el
272 2261 295 2319 si
309 2280 395 2336 quem
409 2261 494 2320 tellus
508 2269 636 2319 extrema
649 2260 743 2320 refuso

108 2339 265 2399 Submovet
278 2358 396 2416 oceano,
412 2348 441 2398 et
454 2341 574 2417 siquem
589 2349 707 2399 extenta
718 2341 867 2419 plagarum

107 2419 238 2490 Quatuor
251 2421 280 2477 in
294 2420 391 2477 medio
405 2420 512 2479 dirimit
523 2420 689 2498 plagasolis
702 2419 801 2499 iniqui.

105 2499 224 2558 Diluvio
238 2519 276 2557 ex
289 2498 338 2556 illo
352 2508 393 2559 tot
406 2508 487 2558 vasta
498 2519 550 2578 per
563 2520 677 2577 equora
688 2501 776 2575 vecti,

104 2575 160 2636 Dis
175 2580 273 2636 sedem
287 2580 421 2655 exiguam
435 2579 542 2657 patriis,
556 2580 692 2658 littusque
707 2596 839 2656 rogamus

105 2655 275 2734 Innocuum,
290 2668 319 2718 et
332 2660 443 2719 cunctis
455 2661 620 2737 undamque
634 2678 787 2736 auramque
800 2663 958 2736 patentem.

104 2736 135 2796 N
137 2757 173 2795 on
189 2739 296 2797 erimus
310 2759 397 2816 regno
412 2740 578 2813 indecores;
600 2759 654 2798 neo
669 2749 766 2798 vestra
778 2739 885 2819 seretur

105 2817 196 2875 Fama
209 2818 291 2894 levis,
306 2820 415 2877 tantive
429 2819 574 2878 abolescet
587 2820 675 2894 gratia
689 2819 774 2891 facti,

106 2896 169 2953 Nec
184 2896 301 2975 Trojam
314 2897 460 2955 Ausonios
473 2898 581 2974 gremio
595 2897 745 2974 excepisse
758 2895 876 2973 pigebit.

104 2973 177 3032 Fata
189 2994 241 3050 per
253 2976 358 3033 AEneae
369 2978 444 3053 juro,
459 2977 646 3052 dextramque
656 2983 813 3053 potentem,

106 3053 174 3110 Sive
189 3053 255 3128 fide,
271 3072 321 3111 seu
336 3055 400 3129 quis
414 3053 491 3111 bello
503 3062 546 3113 est
560 3063 696 3132 expertus
711 3064 739 3118 et
753 3055 857 3128 armis3

105 3131 192 3188 Multi
206 3151 258 3190 nos
271 3132 380 3209 populi,
396 3133 494 3191 multae
514 3133 565 3211 (ne
579 3143 675 3192 temne
690 3131 766 3211 quod
780 3134 855 3193 ultro

105 3209 287 3269 Praeserimus
301 3211 433 3269 manibus
447 3213 531 3271 vittas
545 3232 577 3271 ac
591 3212 678 3270 verba
691 3210 850 3292 precantia)

105 3290 146 3348 Et
158 3289 266 3368 petidre
281 3290 335 3348 sibi
349 3299 378 3349 et
391 3289 508 3349 voludre
523 3294 676 3370 adjungere
690 3300 799 3369 gentes.

106 3369 165 3428 Sed
179 3389 233 3428 nos
244 3369 301 3428 fatu
312 3370 400 3428 decim
414 3378 522 3429 vestras
536 3372 686 3448 exquirere
700 3385 788 3430 terras

106 3449 238 3527 Imperiis
252 3448 337 3527 egdre
351 3450 418 3508 suis.
460 3451 538 3510 Hinc
552 3447 705 3509 Dardanus
719 3460 797 3510 ortus
847 3481 850 3485 ⁴

106 3527 175 3586 Huc
188 3531 292 3608 repetit
303 3550 310 3604 ;
320 3530 474 3667 [possisque
484 3531 648 3607 ingentibus
661 3541 744 3608 urget
756 3529 863 3608 Apollo

106 3606 288 3683 Tyrrhenum
303 3630 319 3667 a
351 3607 471 3686 Tybrim
486 3617 514 3668 et
528 3609 613 3669 sontis
626 3611 700 3668 vada
712 3629 793 3669 sacra
805 3608 937 3671 Numici.

105 3685 165 3744 Dat
181 3686 232 3744 tibi
245 3696 382 3763 praeterea
394 3689 513 3747 fortunae
527 3709 616 3767 parva
628 3690 730 3768 prioris

104 3762 239 3842 Munera,
253 3766 388 3844 reliquias
403 3768 491 3847 Trojd
505 3788 542 3841 ex
556 3771 673 3829 ardente
686 3775 826 3846 receptas.
864 3814 867 3819 .
884 3784 887 3789 ·
