2370 4176
124 191 161 249 Μ
475 186 760 247 Gnonfflconnnt

166 341 207 399 At
220 346 311 398 mater
324 336 448 396 sonitum
461 336 588 396 thalamo
601 338 655 398 suh
668 336 795 396 fluminis
809 335 859 395 alti

128 417 233 476 Sensit
275 417 389 475 Eam
364 434 471 474 curcum
484 416 602 474 Milesia
615 415 724 473 vellera
736 414 883 493 Nymphae

126 495 354 573 Carpebanty
313 494 333 551 h
354 492 392 552 ali
404 502 500 552 saturo
513 494 608 551 fucata
621 492 736 550 colore:

125 574 304 650 Drymoque,
318 514 504 648 Xanthoque,
519 571 676 647 Ligeaque,
691 571 937 648 Phyllodoceque,

126 651 282 710 cesariem
296 649 396 708 effusae
411 650 530 711 nitidam
543 667 596 725 per
608 649 732 706 candida
745 649 836 722 colla3

129 727 261 804 [Nesaee
277 727 413 805 Spioque,
429 726 601 801 Thaliaque,
615 727 859 802 Cymodoceque·
852 729 876 805 ,]

126 805 150 864 C
172 807 326 884 dippcqne,
340 813 370 864 et
382 805 456 863 flava
468 805 616 881 Lycorias,
630 805 758 862 altera
730 824 820 880 virgo,

124 825 225 942 Ahera
237 894 298 942 tum
311 884 419 960 primos
433 883 553 940 Lucinae
567 890 686 959 experta
699 881 829 956 labores,

123 961 258 1038 Clioque,
273 970 302 1020 et
315 962 409 1019 Beroe
424 980 512 1053 soror,
527 960 711 1019 Oceanitides
725 961 827 1035 ambae,

125 1039 227 1096 Amba
243 1059 310 1097 auro
312 1040 419 1116 ,pictis
432 1039 566 1096 incinctae
580 1038 707 1114 pellibus
721 1038 833 1112 amhoe3

126 1121 221 1193 Atque
236 1118 369 1210 Ephyre,
381 1126 467 1193 atque
482 1116 564 1194 Opis,
579 1125 608 1175 et
621 1117 692 1173 Asia
704 1116 856 1208 Deiopea3

126 1195 167 1252 Et
180 1196 295 1253 tandem
308 1196 408 1273 positis
421 1195 507 1252 velox
520 1195 666 1252 Arethusa
679 1195 796 1286 sagittis.

127 1273 206 1330 luter
219 1293 289 1348 quas
302 1294 401 1331 curam
415 1274 557 1349 Clymene
571 1272 722 1330 narrabat
714 1292 830 1332 manem

127 1351 251 1409 Vulcani
254 1353 438 1428 ,Martisque
452 1352 532 1409 dolos
546 1361 576 1409 et
588 1352 686 1409 dulcia
698 1351 781 1425 furta,

126 1433 211 1506 Aque
225 1395 297 1488 chao
311 1431 416 1488 densos
430 1429 528 1488 divrim
542 1428 710 1486 numerabat
724 1447 843 1487 amores.

126 1508 262 1565 Carmine
276 1528 333 1583 quo
347 1517 438 1585 capte
453 1508 522 1564 dum
535 1507 606 1564 lusis
621 1506 719 1563 mollia
731 1525 822 1582 pensa

126 1585 326 1659 Derolvunt,
318 1595 421 1643 uterum
436 1592 578 1641 maternas
591 1584 706 1660 impulit
720 1604 802 1642 aures

125 1664 236 1721 Luctus
251 1664 375 1757 Annaei,
389 1663 544 1739 vitreisque
558 1662 696 1720 sedilibus
710 1682 812 1721 omnes

125 1739 328 1834 Obstupuere:
350 1743 401 1800 sed
415 1750 481 1800 ante
495 1741 564 1798 alias
578 1742 722 1799 Arethusa
736 1760 845 1801 sorores

125 1819 197 1877 Pros
185 1822 317 1896 piciens,
332 1838 446 1878 summa
432 1814 563 1878 flavum
577 1829 663 1896 caput
677 1821 781 1879 extulit
793 1820 879 1878 undio.

126 1898 166 1954 Et
179 1898 297 1974 procul.
319 1898 345 1957 0
358 1900 468 1992 gemitu
482 1918 539 1956 non
554 1898 656 1957 frustra
670 1900 804 1958 exterrita
816 1906 906 1973 tanto,

125 1975 241 2051 Cyrene
255 1996 342 2052 soror,
356 1979 419 2054 ipse
433 1977 493 2050 tibi,
508 1985 558 2034 tua
571 1978 697 2034 maxima
709 1997 787 2053 cura,
843 2033 848 2042 ,

125 2054 228 2113 Tristis
242 2055 381 2113 Aristaeus
395 2055 486 2112 Penei
500 2055 635 2129 genitoris
650 2056 686 2111 ad
699 2057 805 2113 undam

126 2132 188 2190 Stat
201 2134 371 2208 lacrymans,
386 2141 415 2189 et
428 2141 456 2190 te
471 2132 616 2189 crudelem
630 2134 748 2190 nomine
762 2132 840 2191 dicit.

125 2209 203 2267 Huic
217 2229 353 2287 percussa
364 2210 440 2267 novi
454 2217 580 2266 mentem
593 2209 744 2267 formidine
758 2219 858 2286 mater,

124 2287 190 2343 Duc
206 2306 268 2363 age,
283 2288 339 2345 duc
353 2287 389 2345 ad
403 2306 465 2361 nos,
479 2287 521 2344 ias
535 2287 577 2344 illi
590 2287 692 2345 limina
705 2287 803 2347 divrim

125 2364 267 2440 Tangere,
283 2365 330 2423 ait.
374 2365 468 2422 Simul
483 2365 538 2424 alta
549 2364 634 2443 jubet
647 2366 796 2424 discedere
810 2363 867 2424 late

124 2444 270 2535 Flumina,
283 2443 340 2520 qui
351 2445 468 2535 juyenis
483 2463 595 2519 gressus
608 2444 742 2502 inferret.
765 2454 793 2503 at
806 2444 916 2506 illum

124 2522 270 2579 Curvata
262 2541 292 2579 ιιι
307 2522 412 2580 montis
426 2521 530 2581 faciem
544 2523 732 2582 circumstetit
744 2524 832 2598 unda,

123 2601 338 2677 Accepitqne
316 2620 381 2658 srnu
394 2610 485 2676 vasto,
500 2601 634 2678 misitque
648 2602 702 2660 sub
717 2622 841 2661 amnem.
899 2623 901 2626 ⁴

122 2680 247 2755 Jamque
262 2682 380 2738 domum
395 2680 501 2739 mirans
514 2681 690 2757 genetricis,
695 2689 724 2739 et
737 2681 857 2739 humida
869 2700 966 2758 regna,

4 2810 10 2823 ,
125 2759 336 2852 speluncisque
349 2759 428 2817 lacus
442 2759 564 2834 clausos,
579 2760 716 2836 lucosque
730 2767 875 2834 sonantes,

125 2837 206 2909 Ibat,
229 2846 267 2911 et,
281 2838 392 2912 ingenti
407 2846 487 2894 motu
502 2836 677 2914 stupefactus
691 2856 838 2912 aquarum,

125 2916 232 2972 Omnia
245 2914 299 2971 sub
314 2914 418 2988 magni
432 2914 559 2972 labentia
570 2914 699 2975 flumina
703 2914 793 2972 terri

125 2991 280 3068 Spectabat
292 2991 405 3048 diversa
418 2991 490 3049 locis
491 2983 701 3086 ,Phasimque,
716 2992 898 3083 Lycumque,

124 3071 164 3126 Et
178 3076 266 3144 caput
278 3070 356 3126 unde
370 3069 443 3126 altus
456 3066 581 3144 primhm
597 3087 628 3126 se
642 3069 767 3145 erumpit
779 3069 923 3146 Enipeus,

124 3147 212 3206 Unde
225 3154 306 3222 pater
319 3145 485 3220 Tiberinus,
501 3155 530 3205 et
542 3147 620 3204 unde
634 3147 751 3204 Aniena
762 3147 881 3222 fluento,

126 3227 324 3316 Saxosumque
339 3243 443 3282 sonans
457 3190 601 3317 Hypanis,
616 3225 777 3301 Mysusque
789 3226 906 3302 Caicus,

124 3305 165 3362 Et
178 3303 293 3380 gemina
306 3313 420 3361 auratus
434 3304 546 3361 taurino
559 3322 666 3361 cornua
677 3303 759 3362 vultu

125 3383 281 3456 Eridanus,
295 3401 353 3458 quo
366 3401 425 3439 non
440 3381 512 3440 alius
525 3401 577 3458 per
589 3382 709 3458 pinguia
722 3382 799 3441 culta

126 3461 160 3517 ln
176 3464 446 3537 marepurpureum
459 3460 612 3518 violentior
625 3458 716 3519 effluit
729 3461 830 3519 amnis.
856 3461 857 3464 ’

124 3539 283 3614 Postquam
299 3540 385 3598 estin
399 3539 518 3598 thalami
531 3539 688 3615 pendentia
700 3540 819 3616 pumice
834 3546 916 3600 tecta

125 3618 313 3691 Perventum,
328 3627 358 3676 et
370 3619 430 3676 nati
443 3618 528 3676 tletus
542 3617 676 3693 cognovit
689 3619 790 3677 inanes

126 3696 250 3774 Cyrene,
265 3697 398 3756 manibus
412 3696 534 3774 liquidos
549 3697 617 3755 dant
630 3697 730 3756 ordine
744 3697 839 3758 sontes
