2400 4178
105 200 160 259 246
505 199 685 257 AENEIDOS

107 351 184 411 Tum
198 350 294 409 decuit
307 350 441 409 meurisse
454 350 528 407 tuis:
550 369 626 408 nunc
640 368 704 408 sera
715 349 839 426 querelis

107 431 194 489 Haud
205 430 289 509 justis
303 429 433 504 assurgis,
448 437 477 486 et
490 428 568 487 irrita
576 430 672 507 jurgia
680 431 781 507 jactas.
1051 438 1093 493 95
1130 440 1139 459 ⁸

146 510 265 567 Talibus
278 507 374 565 orabat
383 508 399 564 J
403 526 478 579 uno;
501 508 652 583 cunctique
666 506 825 567 fremebant

105 588 252 647 Caelicolae
267 605 382 643 assensu
396 586 492 643 vario:
514 604 569 644 ceu
581 586 699 644 flamina
710 587 804 663 prima

107 668 205 739 Quum
219 667 358 742 deprensa
371 664 495 722 tremunt
508 665 596 739 silvis,
612 675 641 723 et
654 683 731 723 caecs
743 665 873 725 volutant

105 746 263 818 Murmura,
277 745 518 819 venturosnantis
531 743 680 819 prodentia
692 752 802 803 ventos.

105 824 181 882 Tum
194 833 274 901 pater
287 822 476 898 omnipotens,
491 841 585 879 rerum
599 823 644 880 cui
658 842 770 881 summa
783 830 923 901 potestas,
1032 831 1090 887 1⁰0

105 901 192 960 Infit:
214 922 248 959 eo
263 903 388 975 dicente,
403 901 489 957 deirm
503 902 604 958 domus
615 901 672 959 alta
684 900 799 976 silescit,

105 981 144 1039 Et
158 980 321 1039 tremefacta
335 978 395 1036 solo
410 979 512 1051 telius3
534 979 599 1038 silet
611 981 714 1038 arduus
728 980 835 1053 aether;

104 1059 181 1117 Turn
195 1060 323 1137 Zephyri
336 1058 475 1135 posuere,
496 1059 600 1135 premit
612 1058 724 1135 placida
737 1077 850 1135 aequora
861 1070 986 1151 pontus.

144 1140 274 1215 Accipite
288 1157 355 1213 ergo
370 1137 481 1211 animis,
497 1146 581 1213 atque
595 1136 659 1195 haec
673 1156 738 1195 mea
750 1138 828 1214 figite
841 1138 930 1199 ducta.

106 1218 345 1293 Quandoquidem
359 1216 503 1274 Ausonios
514 1216 649 1294 conjungi
662 1214 768 1274 soedere
782 1217 906 1277 Teucris
1034 1224 1090 1280 105

105 1296 192 1354 Haud
202 1297 322 1369 licitum,
336 1313 390 1353 nec
405 1305 500 1352 vestra
512 1296 588 1371 capit
601 1295 741 1353 discordia
755 1296 860 1369 finem;
961 1322 965 1327 ·

106 1375 179 1445 Qua·
194 1376 298 1450 cuique
312 1383 355 1430 cst
368 1375 480 1431 fortuna
493 1373 589 1447 hodie,
604 1392 689 1451 quam
703 1374 822 1451 quisque
835 1384 918 1437 secat
929 1396 1031 1457 rpem,

105 1453 178 1511 Tros
192 1452 354 1511 Rutulusne
369 1452 437 1527 suat,
452 1452 529 1509 nullo
544 1452 707 1509 discrimine
721 1452 853 1527 habebo;

106 1533 164 1589 Seu
177 1533 240 1589 satis
256 1531 358 1588 ltaliam
372 1540 464 1588 castra
477 1529 624 1587 obsidione
638 1539 781 1606 tenentur,

106 1611 173 1668 Sive
187 1628 279 1667 errore
293 1609 368 1666 malo
382 1610 476 1686 Trojae
491 1609 660 1685 monitisque
675 1609 812 1669 sinistris:
891 1660 894 1665 .
1036 1620 1095 1675 110

104 1689 169 1747 Nec
183 1688 306 1747 Rutulos
320 1687 408 1745 solvo.
452 1688 510 1745 Sua
524 1687 626 1763 cuique
640 1706 742 1747 exorsa
754 1689 882 1749 laborem

104 1767 315 1843 Fortunamque
330 1766 428 1825 serent
470 1767 537 1825 Rex
549 1767 661 1843 Jupiter
674 1767 805 1828 omnibus
818 1768 910 1829 idem.

104 1846 176 1904 Fata
190 1848 265 1904 riam
280 1847 435 1905 invenient
480 1845 570 1921 Stygii
584 1865 635 1922 per
647 1847 765 1904 flumina
778 1846 881 1924 fratris,

103 1924 160 1983 Per
172 1927 237 2002 pice
251 1934 388 1983 torrentes
403 1926 519 2002 atriaque
533 1926 667 2000 voragine
680 1926 764 2003 ripas,

104 2006 231 2076 Annuit3
254 2012 282 2062 et
294 2012 388 2072 totum,
399 2012 470 2062 nutu
484 2003 642 2062 tremefecit
657 2004 822 2081 Olympum.

104 2082 162 2141 Hic
176 2083 241 2140 finis
254 2082 340 2139 sandi.
384 2083 462 2139 Solio
475 2091 535 2141 tum
548 2082 660 2158 Jupiter
674 2102 759 2141 aureo
777 2105 780 2110 ·

105 2162 218 2236 Surgit,
239 2160 375 2218 coelicolae
390 2161 515 2218 medium
530 2177 616 2236 quem
631 2161 665 2218 ad
680 2161 779 2220 limina
792 2162 912 2223 ducunt.

145 2240 257 2296 lutcrca
270 2238 371 2296 Rutuli
385 2239 473 2314 portis
487 2235 596 2295 circum
610 2239 742 2297 omuibus
756 2241 862 2301 instant

105 2316 238 2374 Sternere
252 2317 331 2374 caede
344 2317 430 2392 viros,
445 2325 474 2374 et
487 2317 593 2374 moenia
606 2318 720 2393 cingere
734 2318 866 2379 flammis.

103 2396 143 2452 At
155 2395 229 2470 legio
244 2394 406 2452 AEueadirm
420 2395 502 2454 vullis
516 2395 632 2455 obsessa
644 2405 774 2455 tenetur:

102 2473 168 2531 Nec
183 2494 247 2550 spes
261 2473 319 2530 ulla
332 2472 415 2549 sugae.
456 2474 559 2532 Miseri
572 2484 647 2534 stent
659 2476 781 2535 turribus
795 2476 858 2536 altis

104 2550 316 2631 Nequidquam,
331 2560 360 2610 et
373 2554 434 2611 rari
448 2573 544 2611 muros
558 2552 673 2612 cinxere
687 2556 800 2614 corani.

102 2632 189 2689 Asius
206 2632 385 2708 Imbrasides,
401 2633 645 2711 Hicetaoniusque
663 2634 841 2711 Thymoetes,

102 2711 292 2787 Assaracique
306 2712 374 2786 duo,
388 2721 417 2771 et
430 2713 523 2772 senior
537 2732 603 2771 cnm
617 2713 735 2772 Castore
750 2713 918 2791 Thymbria,

103 2787 200 2847 Prima
214 2791 298 2848 acies.
341 2791 404 2849 Hos
418 2792 545 2868 germani
560 2792 732 2868 Sarpedonis
747 2791 840 2866 ambo,

103 2866 144 2925 Et
157 2869 268 2936 Clams,
280 2878 309 2927 et
322 2869 465 2944 Themon,
477 2871 566 2945 Lycii
580 2871 750 2930 comitantur
762 2871 798 2928 ab
812 2871 878 2930 alta

103 2945 173 3004 Fert
185 2948 285 3021 ingens
299 2955 358 3005 toto
372 2948 512 3005 connixus
527 2968 643 3025 corpore
657 2968 768 3025 saxum,

103 3023 190 3082 Haud
203 3035 312 3101 partem
326 3024 460 3100 exiguam
473 3027 586 3102 montis,
601 3029 771 3104 Lymessius
783 3030 911 3107 Acmon,

102 3101 133 3159 N
135 3121 167 3159 ec
182 3104 277 3178 Clytio
291 3103 418 3178 genitore
432 3102 533 3179 minor,
548 3125 602 3163 nec
615 3107 699 3166 fratre
713 3108 902 3167 Menestheo.

103 3180 144 3237 Hi
161 3181 268 3257 ¹aculis,
281 3180 323 3237 illi
337 3188 445 3239 certant
458 3181 611 3241 defendere
625 3187 701 3244 saxis

102 3202 259 3336 Moiirrque
272 3260 377 3335 iguem,
392 3278 537 3335 nervoque
551 3270 646 3339 aptare
659 3231 782 3340 sagittas.
883 3289 886 3295 ·

104 3337 170 3415 lpse
183 3339 257 3397 inter
270 3337 387 3413 medios,
399 3337 522 3410 Yeneris
530 3340 689 3417 justissima
703 3363 779 3418 cura,

103 3417 264 3476 Dardanius
278 3424 364 3495 caput
376 3435 443 3475 ecce
457 3436 527 3494 puer
540 3418 668 3477 detectus
682 3422 848 3499 honestum,

104 3494 205 3565 Qualis
219 3515 340 3572 gemma,
354 3495 449 3572 micat,
462 3495 571 3554 fulvum
584 3516 649 3573 quae
664 3501 765 3561 dividit
778 3521 890 3580 aurrrm,

102 3575 162 3631 Aut
175 3575 248 3632 collo
262 3576 360 3651 decus,
375 3582 423 3634 sut
435 3574 538 3652 capiti;
560 3576 606 3632 vel
620 3579 704 3653 quale
718 3599 769 3657 per
783 3589 873 3641 artem

104 3649 252 3710 Inclusum
264 3652 352 3729 buxo,
366 3663 415 3713 aut
428 3653 524 3723 Oriciia
537 3654 707 3733 terebintho,

103 3727 196 3789 Lucet
209 3730 295 3791 ebur:
315 3730 394 3791 fusos
405 3731 501 3817 cervis
516 3732 565 3790 cui
576 3733 668 3795 lactea
680 3737 776 3796 crines
