2370 4176
101 190 139 246 dd
282 241 286 246 .
453 185 739 244 ononmcouunt

104 336 204 408 Quum
218 354 284 412 spes
298 343 414 395 macta
423 337 576 412 juvenum,
592 335 822 413 enuaotsqoc
834 334 933 397 bausit
1023 342 1086 400 -108

103 414 201 472 Corda
213 433 302 491 pavor
313 412 452 491 pulsans?
473 413 517 471 illi
528 414 636 472 instant
648 413 768 472 verbere
780 422 866 490 torto,

104 493 146 551 Et
158 493 241 570 proni
254 492 324 550 dant
336 491 414 564 lors3
434 491 513 550 volat
525 492 555 550 vi
568 491 694 549 fervidus
706 491 785 550 axis:
825 517 830 527 ·

102 570 225 646 Jamque
238 569 373 647 humiles,
383 573 504 649 jamque
516 569 585 627 cleti
597 567 721 627 niblimd
735 571 871 628 videntur

103 651 183 709 Abra
194 665 383 725 pervacuum
395 648 472 722 ferri,
487 655 572 724 atquc
587 665 735 723 assurgere
748 648 779 706 in
793 666 884 706 anm.

103 726 169 786 Nec
184 745 272 800 mors,
286 745 341 784 nec
354 726 486 803 requies;
509 733 537 784 at
549 724 636 783 fulve
648 724 765 784 nimbus
779 745 874 784 mente

104 802 245 876 Tollitor;
267 804 441 863 humescunt
452 803 562 881 spumis
575 803 701 879 flatuque
715 805 905 881 sequeutirm:

103 880 214 940 Tantus
228 901 307 940 amor
320 884 448 957 laudum,
462 889 548 940 tantoe
563 891 607 941 est
619 882 738 940 victoris
751 885 844 940 curre!

143 960 257 1019 Primus
271 961 479 1020 Erichthonius
493 979 592 1018 currus
606 968 635 1019 et
647 969 769 1037 quatuor
783 979 869 1019 ausus

102 1037 229 1113 Jungere
243 1057 342 1115 equos,
356 1040 529 1116 rapidusque
542 1040 610 1097 rotis
624 1039 755 1098 insistere
768 1039 869 1097 victor.

102 1116 207 1175 Frrena
220 1117 398 1176 Pelethronii
412 1117 543 1196 Lapithos
558 1135 699 1194 gyrosque
712 1115 831 1193 dedere,

104 1194 235 1271 Impositi
249 1196 350 1269 dorso;
372 1205 457 1273 atque
471 1195 599 1272 equitem
611 1194 737 1253 docuere
750 1195 804 1254 sub
818 1196 905 1254 umis

104 1273 245 1331 Insultare
259 1274 329 1348 solo,
345 1283 374 1332 et
386 1293 500 1350 gressus
513 1274 672 1350 glomerare
685 1273 833 1350 superbos.

103 1351 218 1427 AEquus
232 1360 350 1428 uterque
364 1352 461 1410 labor:
483 1349 564 1428 aequb
574 1355 772 1429 juvenemque
785 1351 914 1427 magistri

104 1429 279 1505 Exquirunt,
295 1430 477 1508 calidumque
492 1431 594 1487 animis
608 1438 638 1487 et
650 1429 780 1486 cursibus
794 1448 906 1502 acrem;

104 1508 245 1578 Quemvis
259 1506 335 1584 saepd
350 1508 417 1582 lugd
431 1527 529 1565 versos
543 1507 592 1564 ille
606 1507 697 1582 egerit
709 1506 817 1581 hostes,

103 1585 144 1642 Et
156 1586 276 1661 patriam
290 1585 413 1660 Epirum
427 1586 538 1659 reserat,
553 1585 696 1660 sortesque
710 1584 863 1662 Mycenas,

102 1662 290 1738 Neptunique
304 1663 367 1739 ipsi
382 1664 505 1721 deducat
518 1663 628 1738 origine
642 1671 767 1737 gentem.

142 1742 199 1799 His
213 1742 428 1816 animadversis,
442 1742 550 1800 instant
563 1741 616 1800 suh
630 1750 754 1818 tempus,
770 1749 800 1799 et
812 1759 913 1800 omnes

104 1819 279 1897 Impendunt
292 1839 374 1878 curas
388 1822 480 1879 denso
493 1820 657 1878 distendere
670 1820 771 1896 pingui
904 1817 906 1822 ’

104 1899 200 1969 Quem
214 1896 310 1974 legere
325 1900 429 1957 ducem
444 1907 473 1956 et
485 1899 583 1979 pecori
597 1897 697 1956 dixere
711 1897 853 1956 maritum.

189 2008 191 2012 ’
296 1997 313 2031 ἢ
376 1997 392 2030 ἢ
455 1997 472 2030 ί
534 1997 551 2031 U
614 1997 630 2030 R
693 1996 709 2029 R
772 1996 788 2029 R
850 1995 867 2029 0
903 2004 907 2011 ·

141 2057 254 2114 Rursus
267 2074 336 2113 cura
348 2042 460 2131 p'atrum
474 2055 587 2130 cadere,
602 2062 632 2112 et
644 2053 800 2134 quecedere
813 2061 935 2111 matrum

103 2135 217 2211 Incipit.
260 2133 380 2191 Exactis
393 2132 517 2206 gravidae
531 2150 621 2208 quum
634 2131 783 2188 mensibus
797 2139 900 2205 errent,

102 2211 133 2270 N
135 2230 171 2268 on
186 2211 248 2266 illas
262 2210 396 2284 gravibus
409 2211 560 2285 quisquam
570 2212 642 2287 juga
655 2209 761 2266 ducere
775 2208 919 2286 planstris,
1029 2213 1087 2268 140

102 2288 134 2347 N
135 2307 172 2345 on
187 2287 260 2346 saltn
275 2305 409 2362 superare
422 2288 499 2344 viam
513 2288 551 2344 sit
562 2306 674 2363 possus,
689 2295 719 2344 et
731 2287 791 2344 acri

103 2367 229 2443 Carpere
241 2372 322 2442 prata
335 2364 412 2439 lugd,
426 2363 592 2444 fluviosque·
600 2365 701 2422 innare
716 2383 844 2441 rapaces.

105 2443 230 2502 Saltibus
244 2444 273 2500 in
287 2443 386 2501 vacuis
399 2451 528 2519 pascant,
542 2451 573 2502 et
585 2442 672 2518 plena
684 2443 845 2501 secundum

102 2522 248 2596 Flumina,
263 2541 378 2580 muscus
391 2522 452 2596 ubi,
468 2529 498 2579 et
510 2521 684 2579 viridissima
697 2521 825 2597 gramine
838 2520 909 2599 ripa,

104 2601 314 2677 speluncaeque
329 2608 436 2676 tegant,
451 2608 479 2658 et
493 2618 581 2657 saxee
593 2599 733 2677 procubet
746 2600 855 2660 umbra

143 2679 198 2736 Est
209 2677 290 2736 lucos
306 2679 390 2737 Silari
404 2679 480 2738 circa
492 2678 665 2756 ilicibusque
679 2679 818 2737 virentem

102 2755 248 2815 Plurimus
263 2757 424 2818 Alburnum
437 2749 571 2832 volitans,
586 2758 633 2816 cui
647 2776 754 2815 nomen
769 2755 839 2815 asilo

102 2835 268 2894 Romanum
283 2844 336 2912 est,
352 2845 468 2894 oestrum
483 2836 564 2893 Graii
576 2833 688 2894 vertere
701 2837 857 2906 'vocantes3
911 2877 915 2883 .

103 2917 206 2990 Asper,
222 2913 324 2971 acerba
338 2934 459 2985 sonans3
482 2930 538 2988 quo
552 2921 611 2972 tots
624 2911 760 2971 exterrita
772 2911 852 2970 silvis

103 2992 269 3068 Diffugiunt
282 3001 427 3062 armenta;
448 2991 516 3048 fruit
530 2991 685 3067 mugitibus
699 2988 790 3047 aether

103 3069 279 3142 concussus,
295 3069 443 3145 silvasque,
458 3077 487 3126 et
501 3069 571 3127 sicci
584 3070 646 3146 ripa
659 3067 795 3142 Tanagri.

103 3146 170 3204 Hoc
185 3147 329 3222 quondam
343 3156 469 3205 monstro
482 3146 633 3204 horribiles
647 3146 777 3204 exercuit
789 3145 845 3203 iras

104 3225 231 3284 Inachiae
244 3226 320 3296 Juno
333 3233 446 3303 pestem
459 3225 597 3283 meditata
605 3228 750 3303 juvencae.

103 3304 193 3362 Hunc
207 3323 330 3380 quoque,
345 3323 412 3362 nam
425 3303 528 3362 mediis
542 3302 704 3361 fervoribus.
715 3301 806 3360 acrior
819 3301 916 3375 instat,
1018 3337 1020 3343 ·

103 3383 225 3442 Arcebis
239 3383 357 3478 gravido
370 3383 477 3460 pecori,
492 3389 676 3459 armentaque
689 3399 792 3456 pasces

105 3463 173 3521 Sole
188 3480 289 3519 recens
303 3469 373 3535 orto,
389 3468 438 3520 aut
450 3469 565 3518 noctem
580 3460 752 3519 ducentibus
766 3458 856 3517 astris.

144 3540 216 3597 Post
228 3547 350 3616 partum,
365 3558 433 3598 cura
445 3538 474 3596 in
489 3538 594 3596 vitulos
607 3538 763 3596 traducitur
776 3535 888 3611 omnis;
970 3553 974 3560 ·

25 3688 27 3693 .
105 3614 311 3693 Continuoque
324 3626 406 3677 notas
421 3625 450 3676 et
462 3616 686 3690 nominagentis
700 3617 834 3688 inurunt;

106 3695 148 3754 Et
161 3714 242 3772 quos,
258 3703 306 3753 sut
318 3697 417 3773 pecori
430 3695 531 3754 malint
543 3692 711 3754 submittere
724 3693 870 3769 habendo,
922 3736 926 3740 -
