2400 4178
510 191 627 259 Iussu
637 192 683 249 11.
731 241 733 244 .
782 183 791 215 ‘³
1052 200 1097 263 fl

146 340 292 399 Praeterea
303 358 394 416 genus
407 339 486 398 baud
499 359 599 416 unum,
613 345 668 399 nec
681 340 802 408 sortibus
815 341 924 421 ulmiss
989 382 1003 417 a
1108 342 1112 347 ’

107 418 173 478 Nec
187 419 277 495 salici,
291 417 417 494 lotoque,
431 437 487 478 uec
503 418 588 492 Idaeis
602 418 772 495 cyparissis:
815 470 819 477 .
888 460 909 492 Ι.
986 464 989 472 .

107 496 174 555 Nec
187 498 309 573 pingues
322 515 409 554 uuam
422 497 571 555 infaciem
584 498 848 576 nascunttuolivra,
888 494 932 549 '1³3
1047 505 1090 561 stt

109 574 267 651 orchades,
282 583 311 634 et
324 575 405 650 radii,
420 583 450 634 et
462 575 558 632 amari
571 575 673 651 pausia
685 574 793 650 bacci3

107 646 267 730 Pomaque,
282 661 311 710 et
323 653 440 711 Alcinoi
453 653 551 727 silvae3
573 671 628 711 nec
642 655 774 712 surculus
787 655 876 713 idem¹

104 731 291 806 Crustumiis,
303 731 449 808 Syriisque
462 732 543 808 piris,
555 731 748 809 gravibusque
761 733 892 793 volemis.
982 748 984 756 ⁸

147 809 178 867 N
180 830 217 867 on
232 811 332 867 eodem
347 810 495 877 arboribus
508 810 617 887 pendet
628 810 776 870 vindemia
789 814 902 890 nostris,

110 887 207 957 Quam
223 887 422 964 Methymnaeo
433 888 523 965 carpit
536 889 573 945 de
586 888 705 963 palmite
720 890 851 948 Lesbos:
892 955 895 958 ⁴
1051 895 1091 948 90

110 965 184 1023 Sunt
198 966 314 1023 Thasiae
328 967 412 1041 vites,
424 975 495 1024 sunt
508 974 538 1023 et
550 967 729 1025 Mareotides
744 968 833 1042 albae;
992 961 1002 988 ⁴

109 1042 270 1119 Pinguibus
284 1037 330 1100 hai
346 1044 427 1102 terris
437 1043 563 1120 habiles,
577 1044 733 1103 levioribus
747 1045 822 1104 illae:

108 1121 150 1177 Et
162 1140 246 1196 passo
259 1121 367 1198 psithia
380 1121 485 1196 utilior,
500 1123 651 1199 tenuisque
665 1123 763 1199 lageos

109 1198 267 1256 Tentatura
279 1199 369 1275 pedes
384 1199 462 1273 olim,
476 1201 663 1277 vincturaque
677 1202 820 1278 linguam

109 1276 275 1352 Purpureae,
290 1276 472 1353 precireque3
494 1285 619 1353 et-quo
635 1287 664 1336 te
677 1281 804 1339 carmine
819 1280 923 1355 dicam,
1052 1284 1100 1338 95,

65 1396 77 1405 κ
108 1354 264 1412 Rhaetica?
286 1374 340 1412 nec
354 1355 435 1412 cellis
448 1355 514 1411 ideo
529 1357 672 1413 contende
685 1357 825 1416 Falernis.

110 1433 183 1490 Sunt
197 1441 226 1491 et
239 1434 382 1491 Amiuaeae
395 1433 480 1509 vites,
495 1433 659 1491 firmissima
671 1435 749 1509 vina,

22 1549 24 1554 ·
108 1510 230 1568 Tmolus
244 1521 273 1570 et
287 1512 409 1588 assurgit
422 1511 535 1588 quibus,
551 1519 580 1570 et
593 1531 644 1569 rex
658 1512 721 1588 ipse
734 1513 898 1585 Phancus3

108 1589 272 1666 Argitisque
287 1591 389 1665 minor,
404 1591 452 1647 cui
464 1609 522 1646 non
538 1591 690 1648 certaverit
702 1591 761 1648 ulla

107 1668 169 1725 Aut
182 1665 293 1725 tantum
306 1668 407 1742 fluere,
422 1675 472 1724 aut
483 1668 603 1726 totidem
617 1670 719 1726 durare
733 1687 785 1745 per
798 1688 897 1727 annos.
1034 1672 1092 1726 100

108 1744 178 1802 Non
193 1764 247 1820 ego
261 1753 299 1819 te,
315 1744 358 1803 dis
373 1753 402 1802 et
415 1746 522 1804 mensis
537 1755 655 1823 accepta
668 1746 814 1819 secundis,

108 1822 295 1898 Transierim,
309 1823 436 1899 Rhodia,
451 1831 481 1881 et
493 1824 621 1898 tumidis,
634 1824 776 1898 bum'aste,
791 1824 922 1882 racemis.

110 1901 168 1958 Sed
183 1920 278 1978 neque
292 1899 380 1977 quhm
394 1902 492 1959 multae
507 1898 629 1978 species,
642 1921 698 1959 nec
712 1902 830 1960 nomina
842 1921 907 1979 quae
922 1903 989 1978 sint,
1068 1952 1070 1954 .
1087 1956 1089 1961 .

107 1978 164 2037 Est
177 1998 334 2053 numerus3
356 1997 452 2055 neque
467 1979 544 2036 enirn
558 1999 679 2037 numero
694 1981 900 2056 comprendere
914 1980 1001 2041 refert
1009 1998 1019 2036 2v

109 2057 206 2128 Quem
221 2058 270 2135 qui
284 2059 356 2116 scire
369 2058 449 2133 velit,
465 2058 569 2134 Libyci
582 2058 652 2116 velit
666 2059 788 2134 aequoris
802 2059 881 2116 idem
1034 2060 1092 2115 105

107 2137 228 2194 Discere
243 2134 330 2214 quim
344 2137 441 2194 multae
456 2137 583 2212 zephyro
597 2137 748 2194 turbentur
763 2156 876 2210 arenae3

105 2216 175 2289 Aut,
191 2214 240 2273 ubi
254 2215 376 2291 navigiis
389 2215 542 2273 violentior
554 2214 656 2272 incidit
669 2234 765 2291 eurus,

106 2293 137 2352 N
138 2291 203 2351 (isse
217 2300 288 2370 quot
301 2294 377 2351 Ionii
390 2294 508 2351 veniant
521 2294 558 2351 ad
571 2293 666 2351 littora
678 2294 794 2352 fluctus

145 2372 176 2429 N
178 2391 211 2429 ec
226 2369 293 2430 verb
308 2383 390 2430 terrae
404 2372 479 2430 serre·
493 2388 593 2429 ornnes
607 2372 703 2429 omnia
715 2380 852 2448 possunt:

106 2449 290 2508 Fluminibus
304 2451 416 2524 salices,
430 2449 591 2525 crassisque
604 2450 759 2526 paludibus
774 2451 842 2526 alni,

106 2526 283 2602 Nascuntur,
298 2527 536 2585 sterilessaxosis
549 2527 696 2584 montibus
710 2528 789 2600 omi;
921 2592 924 2596 ⁴

74 2672 76 2680 Ι
106 2606 218 2663 Littora
230 2604 360 2679 myrtetis
373 2604 539 2675 laetissima3
561 2605 688 2680 denique
701 2613 813 2680 apertos

108 2683 245 2741 Bacchus
256 2690 332 2739 amat
346 2681 445 2755 colles,
461 2681 623 2756 aquilonem
637 2690 666 2739 et
679 2682 784 2756 frigora
796 2682 864 2739 taxi.

147 2761 275 2836 Adspice
289 2767 318 2817 et
328 2759 465 2816 extremis
479 2758 621 2816 domitum
632 2759 790 2816 cultoribus
804 2759 914 2833 orbem,

54 2891 56 2896 ,
107 2839 245 2915 ansque
259 2839 360 2896 domos
373 2837 514 2911 Arabum,
528 2836 679 2914 pictosque
694 2837 832 2903 Gelonos.

107 2918 217 2984 Divisae
233 2916 382 2975 arboribus
395 2915 512 2992 patriae:
535 2915 597 2972 sola
608 2915 693 2972 India
706 2914 821 2990 nigrum

106 2997 178 3054 Fert
191 2996 336 3067 ebenum;
357 2995 426 3053 solis
440 3002 485 3052 est
499 2992 602 3051 thurea
614 2994 695 3069 virga
711 2994 831 3052 Sabaeis.

108 3074 189 3145 Quid
203 3074 255 3132 tibi
269 3075 386 3132 odorato
401 3072 524 3132 referam
539 3073 672 3130 sudantia
684 3072 764 3147 ligno
877 3138 880 3145 Ι

107 3153 310 3229 Balsamaque,
326 3159 356 3209 et
364 3150 600 3227 baccassemper
613 3150 771 3209 frondentis
785 3149 922 3208 acanthi?

109 3231 189 3302 Quid
202 3249 321 3288 nemora
334 3229 510 3306 AEthiopum
525 3229 605 3286 molli
619 3229 753 3286 canentia
765 3228 853 3286 lani?

108 3309 329 3384 Velleraque'ut
337 3308 413 3366 foliis
422 3308 581 3384 depectant
593 3307 694 3364 tenuia
708 3307 816 3366 Seres?

107 3390 169 3446 Aut
182 3406 254 3463 quos
268 3404 377 3443 oceano
391 3386 508 3462 propior
516 3387 593 3462 'gerit
607 3385 690 3442 ludia
703 3386 794 3460 lucos,
987 3447 989 3451 ,

109 3465 244 3524 Extremi
256 3464 338 3522 sinus
352 3463 447 3537 orbis;
468 3465 519 3522 ubi
534 3467 600 3521 aira
610 3464 726 3521 vincere
740 3482 887 3521 summum
987 3481 989 3485 ·

108 3543 227 3602 Arboris
240 3542 321 3600 haud
335 3541 402 3599 ullae
413 3545 495 3620 jactu
508 3539 629 3619 potuine
644 3541 775 3616 sambae?

110 3623 150 3680 Et
164 3639 234 3696 gens
248 3620 298 3678 illa
308 3620 428 3696 quidem
443 3620 565 3698 sumptis
578 3639 636 3677 nou
650 3619 731 3678 tarda
742 3617 892 3695 pharetris.

109 3700 211 3764 Media
224 3699 278 3756 lert
291 3698 385 3757 tristes
400 3717 503 3758 succos
517 3699 689 3775 tardumque
703 3715 834 3777 saporem
