2400 4178
519 207 634 271 LIBER
651 209 703 271 1.·‚
810 215 815 221 ’

105 355 242 415 Arbuteae
255 364 356 431 crates,
371 364 401 415 et
414 357 536 432 mystica
549 365 660 431 vannus
670 356 792 418 Iacchi:

107 435 213 493 Omnia
227 454 291 513 quae
306 431 395 493 multd
411 433 477 493 ante
492 455 603 494 memor
615 433 731 512 provisa
743 455 879 514 repones,

108 513 138 570 Si
154 522 182 572 te
196 515 283 591 digna
297 521 394 572 manet
407 514 497 572 divini
511 515 601 590 gloria
614 515 695 572 ruris.

146 590 292 664 Continui>
307 594 337 649 in
352 593 431 650 silvis
445 594 550 668 magni
563 594 592 668 pi
606 593 685 651 flexa
697 594 828 662 domatur

107 670 141 726 ln
155 671 249 729 burim
264 679 293 730 et
306 672 386 729 curvi
400 671 519 729 formam
534 672 640 748 accipit
652 672 746 730 ulmus
761 674 854 733 aratri.

106 749 184 807 Huic
199 769 216 807 a
229 751 316 827 stirpe
329 751 419 826 pedes
432 758 510 808 temo
523 758 674 826 protentus
686 751 717 807 iu
732 758 806 827 octo,

105 827 189 885 Binae
205 848 296 903 aures,
311 827 423 904 duplici
435 837 568 905 aptantur
581 829 707 893 dentalia
720 830 813 887 dorso.

106 906 235 964 Caeditur
248 916 278 965 et
290 907 352 965 tilia
366 904 431 964 ante
443 910 519 985 jugo
525 904 611 982 levis,
627 909 740 984 altaque
754 908 835 984 fagus

108 985 206 1060 Stivae,
222 1005 286 1062 quae
301 1004 399 1043 currus
414 1005 431 1042 a
443 994 523 1060 tergo
537 993 668 1062 torqueat
680 987 773 1044 imos:

105 1063 146 1120 Et
160 1084 299 1141 suspensa
313 1064 385 1121 focis
401 1065 531 1140 explorat
543 1064 645 1121 robora
656 1064 761 1123 fumus.

144 1142 267 1200 Possum
281 1142 371 1200 multa
384 1142 436 1200 tibi
450 1151 581 1201 veterum
594 1152 742 1220 praecepta
755 1143 873 1220 referre,

105 1219 147 1277 Ni
161 1220 275 1297 refugis,
291 1229 450 1296 tenuesque
463 1221 543 1296 piget
556 1240 730 1296 cognoscere
744 1242 834 1280 curas.

145 1302 222 1357 Area
236 1299 416 1375 cumprimis
430 1299 540 1375 ingenti
555 1301 694 1375 aequanda
707 1301 849 1376 cylindro,

106 1378 146 1435 Et
159 1379 298 1436 vertenda
312 1397 409 1454 manu,
425 1385 455 1435 et
468 1378 547 1435 creta
560 1379 710 1436 solidanda
723 1380 827 1454 tenaci,

104 1457 154 1514 Ne
169 1456 290 1515 subeant
303 1456 412 1531 herbae,
427 1475 484 1514 neu
498 1456 617 1534 pulvere
633 1457 709 1514 victa
722 1457 845 1536 fatiscat,
884 1505 890 1520 ,

106 1536 185 1604 Tum¹
196 1536 282 1593 variae
297 1536 420 1594 illudant
432 1543 528 1612 pestes
542 1555 557 1598 :f
570 1533 648 1611 saepe
665 1537 787 1612 exiguus
801 1556 865 1594 mus

107 1615 168 1671 Sub
183 1615 264 1672 terris
278 1614 432 1690 posuitque
447 1615 550 1672 domos
564 1623 649 1691 atque
664 1614 768 1673 horrea
781 1615 849 1675 fecit
863 1635 871 1687 ;

105 1694 166 1750 Aut
180 1694 271 1750 oculis
286 1693 362 1768 capti
376 1691 474 1751 fodere
489 1693 597 1750 cubilia
610 1693 714 1769 talpae3

107 1771 397 1847 Inventusque'cavis
410 1770 491 1845 bufo,
507 1779 536 1828 et
550 1791 614 1846 quae
628 1772 753 1847 plurima
767 1781 848 1831 terrae

106 1848 237 1907 Monstra
249 1851 363 1922 ferunt;
385 1850 562 1926 populatque
576 1850 724 1924 ingentem
739 1851 820 1909 farris
834 1870 970 1909 acervum
1032 1856 1090 1910 185

106 1929 255 2003 Curculio,
271 1937 357 2005 atque
370 1929 452 2004 inopi
466 1936 600 1998 metuens
614 1928 734 1986 formica
747 1939 881 1988 senectae.

145 2008 365 2083 Contemplator
378 2008 459 2082 item,
475 2027 565 2083 quum
581 2026 612 2064 se
625 2027 687 2064 nux
701 2008 826 2083 plurima
839 2009 920 2067 silvis
967 2056 969 2061 ,
1005 2066 1006 2071 ,

106 2086 213 2143 Induet
226 2087 256 2144 in
271 2086 371 2144 florem
387 2095 416 2144 et
428 2106 522 2144 ramos
536 2085 667 2144 curvabit
676 2086 810 2145 olentes:

107 2166 137 2221 Si
152 2173 288 2241 superant
300 2166 395 2240 foetus,
409 2166 515 2242 pariter
528 2165 672 2223 frumenta
685 2174 852 2243 sequentur,

105 2244 272 2320 Magnaque
286 2264 353 2301 cum
368 2264 473 2319 magno
487 2245 585 2302 veniet
599 2244 698 2302 tritura
711 2245 825 2303 calore:

104 2325 153 2397 At,
168 2324 192 2380 si
206 2323 321 2380 luxurii
335 2324 468 2381 folionum
483 2322 623 2398 exuberat
635 2323 748 2399 umbra,

105 2402 311 2478 Nequidquam
325 2403 449 2478 pingues
462 2402 546 2478 palei
560 2410 634 2459 teret
648 2420 713 2459 area
727 2402 848 2460 culmos.

146 2480 265 2538 Semina
277 2481 338 2537 vidi
352 2482 488 2556 equidem
503 2478 769 2538 multos‘medicare
783 2489 920 2556 serentes,
998 2484 1000 2487 ’

106 2557 147 2614 Et
160 2559 234 2615 nitro
247 2556 327 2633 priirs
342 2567 371 2616 et
383 2559 464 2632 nigri
478 2559 650 2636 perfundere
665 2559 793 2634 amurca,

106 2636 248 2706 Grandior
261 2644 294 2693 ut
307 2635 393 2693 foetns
407 2636 518 2710 siliquis
532 2636 682 2698 fallacibus
696 2646 790 2709 esset3

105 2715 154 2788 At,
168 2715 301 2790 quamvis
315 2714 375 2791 igni
389 2713 497 2788 exiguo
509 2721 661 2790 properata
674 2715 835 2786 maderent,

105 2792 177 2849 Vidi
191 2793 266 2851 lecta
280 2793 330 2850 diu
345 2800 375 2850 et
388 2791 479 2850 multo
494 2798 623 2868 spectata
635 2791 733 2849 labore

105 2873 291 2948 Degenerare
305 2880 413 2946 tamen,
427 2871 516 2929 nivis
530 2870 659 2927 humana
672 2870 825 2947 quotannis

105 2949 239 3008 Maxima
251 2970 376 3028 quaeque
389 2970 477 3008 manu
491 2951 618 3024 legeret:
641 2949 682 3007 sic
697 2949 796 3007 omnia
807 2949 874 3007 fatis
965 2965 967 2969 ‘
1059 3006 1062 3012 Α

106 3030 140 3086 ln
153 3033 238 3108 pejus
252 3042 345 3106 ruere,
360 3049 393 3087 ac
408 3038 482 3087 retro
497 3028 632 3104 sublapsa
644 3027 750 3086 referri.
1027 3031 1088 3086 200

104 3109 175 3166 Non
190 3109 272 3168 aliter
285 3107 374 3185 quarn
389 3108 439 3185 qui
453 3109 573 3166 adverso
586 3106 640 3163 vix'
649 3107 775 3165 flumine¹
785 3107 915 3165 lembum

105 3188 248 3264 Remigiis
262 3188 387 3264 subigit3
410 3188 435 3244 si
447 3187 565 3245 brachia
578 3183 649 3244 fortb
664 3186 783 3261 remisit,

104 3269 202 3342 Atque
215 3267 296 3324 illum
311 3268 345 3330 in,
354 3282 485 3344 praeceps
499 3284 589 3341 prono
603 3265 677 3340 rapit
691 3265 790 3323 alveus
804 3265 891 3323 amni.
923 3275 925 3277 ’

144 3348 289 3405 Praeterea
302 3354 360 3405 tam
375 3354 443 3405 sunt
457 3344 571 3403 Arcturi
584 3342 679 3402 sidera
690 3344 784 3419 nobis‚'

105 3424 323 3500 Haedorumque
337 3426 399 3483 dies
413 3423 556 3497 servandi,
571 3429 600 3480 et
612 3421 727 3481 lucidus
741 3421 877 3497 ringula,
921 3442 926 3453 ’
1027 3423 1087 3481 205

107 3502 202 3575 Quam
218 3503 323 3580 quibus
337 3503 367 3561 in
381 3503 503 3581 patriam
516 3509 638 3559 ventosa
649 3521 702 3579 per
716 3519 831 3579 aequora
844 3501 936 3560 vectis

105 3583 216 3641 Pontus
231 3590 260 3640 et
273 3581 394 3640 ostriferi
408 3583 505 3640 fauces
519 3587 664 3640 tentantur
678 3581 784 3656 Abydi.

145 3661 232 3721 Libra
245 3661 292 3719 die
307 3661 457 3737 somnique
470 3679 554 3738 pares
568 3658 620 3715 ubi
632 3659 735 3717 fecerit
747 3659 841 3732 boras,

106 3741 146 3802 Et
159 3741 289 3801 medium
303 3740 365 3800 luci
378 3747 464 3817 atque
477 3737 659 3815 umbrisjam
674 3738 776 3798 dividit
789 3736 900 3812 orbem,
