2400 4178
276 78 290 107 s

517 173 635 229 LIBER
654 174 703 230 tl.

106 321 175 383 nte
190 322 254 383 vice
266 341 431 383 sermonum
443 323 533 383 roseis
546 325 659 385 Aurora
671 324 822 403 quadrigis.

106 403 125 460 J
126 422 172 461 am
185 402 314 463 medium
328 402 446 463 aetherio
460 423 545 463 cursu
558 406 708 484 trajecerat
718 423 826 479 axem;

108 482 150 541 Et
162 482 219 541 fors
232 501 319 541 omne
333 483 431 543 datum
444 482 590 543 traherent
602 503 654 561 per
667 484 736 543 talia
747 491 880 564 tempus:

109 562 279 621 Sedcomes
293 563 449 640 admonuit,
463 562 645 640 breviterque
659 562 746 622 affots
758 562 870 643 Sibylla
882 571 944 625 est:
996 558 1000 564 ’
1100 592 1104 601 ·

107 640 179 700 Nox
191 641 257 717 ruit,
271 641 387 716 AEnea3
409 662 461 701 nos
475 641 572 700 flendo
586 643 719 701 ducimus
732 643 827 703 hores.

108 720 168 780 Hic
180 720 262 780 locus
276 729 322 781 est
332 731 427 800 partes
441 721 490 781 ubi
505 741 536 780 se
549 722 598 780 via
610 722 695 780 findit
707 722 736 780 in
752 722 868 782 ambos:

108 798 246 877 Dextera,
260 819 325 879 quae
340 802 417 860 Ditis
431 801 528 877 magni
541 800 594 859 sub
608 802 715 860 moenia
727 802 839 876 tendit;

108 880 175 938 Hse
188 878 243 938 iter
257 880 390 958 Elysium
404 881 506 940 nobis:
528 888 557 938 at
568 880 642 938 laeva
655 880 796 939 malorum

107 959 238 1018 Exercet
250 979 361 1036 poenas,
376 968 406 1018 et
419 961 455 1018 sd
468 958 557 1035 impia
570 959 690 1016 Tartara
702 960 797 1018 mittit.

107 1038 281 1117 Deiphobus
295 1037 413 1097 contria:
434 1038 484 1099 Ne
498 1037 577 1113 saevi,
592 1057 697 1113 magua
710 1038 861 1113 sacerdos;

108 1118 275 1193 Discedam,
290 1116 414 1193 explebo
428 1136 590 1191 numerum,
605 1118 763 1194 reddarque
777 1114 912 1179 tenebris.

108 1196 134 1272 Ι,
148 1197 246 1272 decus,
260 1196 280 1273 i,
295 1205 441 1268 nostrum3
464 1195 630 1254 melioribus
643 1205 724 1255 utere
737 1196 812 1256 fatis.

108 1272 236 1334 Tanthm
250 1275 362 1350 effatus,
377 1276 449 1333 etin
462 1274 551 1333 verbo
565 1274 687 1351 vestigia
699 1276 790 1335 torsit.

145 1353 281 1432 Respicit
293 1355 405 1413 AEneas
419 1352 525 1429 subito,
540 1361 570 1413 et
583 1353 636 1412 sub
651 1374 722 1432 rupe
735 1354 851 1415 sinistri

106 1433 220 1493 Moenia
229 1433 292 1493 lata
303 1435 385 1494 videt
397 1434 501 1511 triplici
515 1434 691 1493 circumdato
703 1453 795 1510 muro,

107 1513 184 1587 Qnae
198 1514 314 1591 rapidus
326 1513 451 1573 flammis
465 1513 555 1572 ambit
566 1513 739 1573 torrentibus
754 1513 846 1573 amnis

106 1592 260 1653 Tartareus
273 1593 466 1670 Phlegethon,
482 1601 653 1671 torquetque
666 1594 798 1653 sonantia
810 1611 889 1652 saxs.

106 1672 195 1731 Porta
208 1672 336 1747 adversa,
348 1674 459 1748 iugens,
474 1673 623 1750 solidoque
638 1672 789 1732 adamante
803 1673 965 1745 columnae3

107 1751 162 1813 Vis
175 1759 208 1809 ut
220 1752 300 1809 nulla
312 1751 415 1828 virhm,
430 1771 488 1810 non
502 1751 558 1828 ipsi
571 1752 740 1810 exscindere
754 1752 828 1811 lerro

107 1830 255 1890 ceelicolae
270 1831 403 1889 valeant:
425 1839 480 1889 stat
493 1830 585 1888 ferrea
596 1831 681 1889 turris
694 1831 729 1888 ad
745 1850 845 1904 auras;

107 1909 326 1987 Tisiphoneque
338 1910 454 1985 sedens,
468 1909 545 1987 pallis
559 1909 708 1968 succincto
719 1910 847 1987 cruenti,

107 1988 292 2048 Vestibulum
306 1991 452 2048 exsomnis
466 1998 561 2048 servat
572 1997 730 2066 noctesque
744 1990 873 2068 diesque.

106 2068 186 2129 Hinc
201 2069 331 2128 exaudiri
345 2069 479 2145 gemitus,
494 2077 524 2127 et
537 2087 614 2127 saeva
627 2087 728 2127 sonare

105 2148 254 2208 Verbera:
277 2156 338 2207 tum
352 2149 454 2206 stridor
467 2149 543 2223 serri,
559 2156 714 2225 tractaeque
728 2156 848 2207 catenae.

107 2229 244 2288 Constitit
257 2230 378 2303 AEneas,
394 2229 600 2306 strepitumque
614 2227 766 2286 exterritus
780 2227 894 2287 hausit:

108 2308 182 2379 Quae
197 2308 337 2366 scelerum
352 2307 462 2366 facies?
483 2327 501 2365 ο
514 2308 605 2383 virgo,
620 2306 727 2381 effare3
748 2305 889 2384 quibusve

107 2386 255 2464 Urgentur
267 2387 383 2463 poenis?
405 2387 454 2463 qui
467 2395 562 2446 tantus
576 2387 696 2462 plangor
709 2387 745 2444 ad
760 2405 841 2444 auras
854 2388 865 2443 ?

107 2466 185 2523 Tum
199 2473 279 2523 vates
292 2465 334 2523 sic
350 2484 414 2522 orso
427 2465 524 2541 loqui:
546 2466 617 2525 Dux
630 2465 739 2540 inclyte
753 2463 910 2539 Teucrirm,

107 2544 191 2603 Nulli
204 2544 246 2601 fos
260 2551 338 2600 costo
351 2543 522 2600 sceleratum
536 2543 668 2600 insistere
680 2543 770 2599 limen
782 2562 790 2615 ;

110 2623 168 2681 Sed
182 2621 239 2697 m'e,
254 2640 343 2698 quum
357 2619 430 2677 lucis
445 2620 557 2676 Hecate
570 2619 699 2695 praefecit
711 2620 845 2695 Avemis,

109 2703 176 2780 lpsa
189 2701 277 2760 dehm
290 2718 391 2777 poenas
405 2697 511 2772 docuit,
526 2716 632 2773 perque
646 2696 743 2755 omnia
756 2696 847 2756 duxit.

109 2781 235 2841 Gnosius
249 2779 312 2838 baec
326 2776 566 2838 Rhadamanthus
579 2775 668 2833 habet
681 2774 835 2834 durissima
846 2794 953 2853 regna3

109 2862 293 2938 Castigatque
309 2858 443 2934 auditque
458 2855 547 2931 dolos,
563 2855 724 2933 subigitque
737 2853 820 2913 lateri
847 2890 851 2899 ·
920 2864 925 2873 '

110 2943 184 3014 Quae
200 2940 263 3019 quis
277 2939 353 3017 apud
367 2955 498 3029 superoS,
509 2935 583 2993 furto
596 2934 708 2993 laetatus
721 2933 811 3010 inani,

109 3021 231 3080 Distulit
239 3020 273 3078 ·in
287 3037 378 3076 seram
393 3032 547 3074 commissa
559 3013 674 3091 piacula
686 3020 817 3072 mortem.

110 3097 255 3160 Continui)
271 3107 367 3156 sontes
380 3095 467 3154 ultrix
481 3094 611 3152 accincta
623 3092 737 3169 flagello

111 3179 270 3258 Tisiphone
283 3177 373 3255 quatit
386 3175 526 3234 insultans
538 3193 546 3246 3
568 3180 712 3249 tonosque
726 3171 842 3231 sinistri

112 3260 261 3318 intentans
275 3273 392 3332 angues,
404 3262 490 3312 vocat
504 3252 618 3330 agmina
631 3261 709 3311 saeva
722 3271 860 3310 soromm.

112 3338 190 3396 Tum
204 3337 319 3394 demum
333 3334 483 3392 horrisono
497 3332 649 3391 stridentes
662 3331 778 3390 cordine
792 3349 880 3390 sacrae

111 3416 280 3476 Panduutur
292 3421 391 3491 portae.
433 3412 536 3471 Cernis
550 3411 680 3470 custodia
693 3410 784 3486 quolis

111 3494 265 3554 Vestibnlo
280 3492 399 3552 sedeat?
419 3489 508 3549 facies
521 3510 584 3583 quae
598 3489 699 3548 limina
712 3491 828 3546 servet?

113 3573 331 3652 Quinquaginta
343 3570 410 3628 atris
423 3570 557 3628 immanis
570 3569 696 3628 hiatibus
710 3567 810 3643 Hydra

115 3655 226 3714 Saerior
237 3653 314 3711 intus
327 3649 415 3710 babet
428 3649 546 3707 sedem:
566 3656 627 3707 tum
641 3649 776 3706 Tartarus
789 3644 851 3723 ipse

112 3736 165 3795 Bis
178 3740 258 3813 patet
270 3732 443 3871 inspraeoeps
457 3724 577 3835 tauthm,
591 3727 740 3804 tenditque
753 3723 806 3784 sub
819 3721 944 3799 umbras,
