2370 4176
130 169 184 237 12
529 171 709 231 AENEIDOS

107 308 112 317 ’
168 317 262 393 Dixit,
277 323 307 377 et
319 314 351 377 iu
363 315 469 381 silvam
483 320 588 397 pennis
603 319 697 378 ablata
710 318 822 396 refugit.
867 347 871 353 ·

129 397 171 460 At
180 396 268 454 sociis
280 396 377 455 subiit
439 397 503 454 idus
518 397 668 455 formidine
682 400 799 473 sanguis

128 472 275 550 Diriguit:
297 474 382 533 cecid
401 493 432 533 re
446 476 553 549 auimi3
576 493 630 532 nec
640 476 702 552 jam
716 472 839 552 amplius
853 475 949 551 umis,

130 550 189 609 Sed
202 552 276 610 votis
290 551 482 630 precibusque
493 552 599 630 jubent
611 571 770 629 exposcere
806 572 899 630 acem,

129 628 200 688 Sive
212 629 287 705 dee,
301 648 353 688 seu
368 630 426 688 sint
439 631 508 688 dirae
524 631 726 706 obscoenaeque
740 573 881 690 voiircres.

127 704 170 765 Et
182 715 264 784 pater
276 707 431 783 Anchises,
445 709 538 784 passis
553 709 589 765 de
603 708 698 766 littore
711 709 824 786 palmis,

126 783 261 853 Rumina
273 805 379 860 magna
391 794 484 862 vocat,
499 787 672 863 meritosque
686 787 788 845 indicit
800 787 924 845 honores
936 806 943 844 ε

127 859 179 937 Di,
193 862 345 938 prohibete
359 864 473 936 minas;
496 864 535 939 di,
550 865 636 922 talem
651 866 770 923 avertite
784 883 904 940 casum3
1024 898 1027 909 ι

127 938 170 997 Et
181 939 287 1017 placidi
301 949 412 999 servate
425 943 497 1019 pios.
540 943 618 999 Turn
632 942 726 1002 littore
740 939 839 1000 sunem

126 1014 200 1074 Deri
222 1035 280 1093 ere,
295 1037 492 1096 excussosque
503 1020 588 1098 jubet
601 1021 698 1079 laxare
713 1022 865 1091 rudentest

120 1037 267 1155 'Tendunt
279 1096 346 1159 vela
358 1097 389 1156 N
391 1098 429 1159 oti
442 1117 450 1170 3
472 1099 590 1156 ferimur
604 1099 805 1174 spumantibus
819 1099 914 1174 undis,

117 1169 196 1249 :Qui
210 1191 327 1231 cursum
341 1184 444 1234 ventus
466 1195 502 1233 ue
516 1177 746 1253 gubernatorque
760 1178 909 1236 vocabant.

114 1246 192 1309 Ilum
207 1251 304 1310 medio
320 1261 438 1329 apparet
447 1197 541 1311 ductu
557 1273 709 1312 nemorosa
722 1255 900 1330 Zacynthos,

116 1325 366 1407 Dulichiumque,
383 1331 539 1407 Sameque,
555 1340 584 1388 et
598 1332 716 1390 Neritos
731 1333 819 1390 ardua
833 1333 929 1391 saxis:

115 1403 293 1481 EEffirgimus
306 1409 441 1485 scopulos
456 1409 573 1478 Ithace,
589 1410 704 1466 Laertia
717 1428 824 1483 regna3

118 1481 284 1547 *Etzterram
298 1485 426 1543 ultricem
439 1487 511 1544 srevi
525 1504 694 1562 execramur
708 1486 835 1561 Ulyssei.

122 1559 200 1623 Mox
209 1563 394 1622 etLeucatae
410 1563 542 1620 nimbosa
556 1563 712 1620 cacumina
725 1564 841 1640 montis,

123 1637 166 1699 Et
178 1639 345 1698 formidatus
356 1641 453 1700 nuutis
466 1640 591 1718 aperitur
605 1641 710 1717 Apollo
724 1661 732 1697 ι

124 1717 214 1777 Hunc
227 1719 352 1797 petimus
366 1719 445 1794 fessi,
460 1728 490 1778 et
503 1738 598 1796 parvae
613 1716 796 1777 succedimus
810 1719 882 1777 urbi.

124 1796 261 1856 Ancbora
274 1797 311 1856 de
323 1799 409 1875 prosi
418 1798 543 1876 jacitur3
565 1805 641 1855 stant
655 1798 748 1857 littore
762 1817 885 1876 puppes.

164 1875 243 1952 Ergo
256 1876 403 1954 insperati
416 1877 533 1936 tandem
547 1876 651 1935 tellure
664 1877 758 1953 potiti,

124 1954 350 2031 Luttramurque
363 1955 439 2030 Jovi,
454 1955 585 2031 votisque
599 1955 783 2013 incendimus
797 1973 869 2032 aras,

123 2033 267 2110 Actiaque
282 2033 572 2094 Iliaciscelebramus
586 2032 680 2091 littora
693 2033 787 2107 ludis;

124 2112 275 2171 Exercent
286 2112 391 2188 patrias
405 2111 469 2171 oleo
483 2111 599 2170 labente
612 2112 760 2189 palrestrus

123 2189 236 2250 Nudati
249 2190 341 2248 socii:
358 2192 445 2268 juvat
456 2191 584 2248 evasisse
597 2198 640 2252 tot
653 2190 739 2247 urbes

124 2268 283 2344 Argolicas,
298 2269 468 2346 mediosque
481 2268 579 2345 fugam
593 2269 722 2327 tenuisse
736 2286 789 2346 per
800 2265 909 2328 hostes.

125 2345 241 2406 luteres
254 2365 391 2423 magnum
405 2346 448 2404 sol
462 2347 698 2406 circumvolvitur
712 2364 829 2419 anuum,

125 2424 166 2482 Et
179 2424 305 2500 glacialis
320 2424 414 2483 hiems
428 2425 622 2502 Aquilonibus
636 2432 750 2502 asperat
762 2423 865 2482 undas.

124 2502 197 2561 AEre
211 2521 283 2560 cavo
297 2503 444 2581 clypeum,
459 2503 558 2580 magni
572 2513 722 2579 gestamen
736 2501 869 2577 Abantis,

124 2581 260 2639 Postibus
275 2583 401 2641 adversis
414 2583 483 2659 figo,
497 2588 527 2640 et
540 2601 600 2640 rem
615 2583 744 2641 carmine
757 2581 859 2657 signo:

56 2716 65 2729 ,
124 2659 245 2719 AEnnss
260 2678 339 2717 usuc
354 2680 394 2719 nu
409 2662 530 2723 Dinnis
544 2679 724 2719 vrcronrnus
739 2677 833 2717 snus.

126 2737 271 2815 Linquere
285 2748 346 2798 tum
361 2749 460 2816 portus
470 2739 572 2818 jubeo,
587 2748 617 2798 et
630 2740 782 2798 considere
796 2735 933 2796 transtris.

124 2817 265 2875 Certatim
280 2818 350 2875 socii
364 2819 470 2880 feriunt
484 2837 573 2893 mare,
588 2826 618 2877 et
631 2836 747 2894 aequora
759 2822 884 2873 verrunt.

124 2895 268 2953 Protenus
282 2896 374 2959 aerias
388 2897 547 2954 Phaeacum
562 2895 765 2954 abscondimus
780 2911 868 2968 arces,

120 2973 292 3049 Littoraque
307 2973 391 3050 Epiri
404 2975 538 3050 legimus,
551 2982 695 3051 portuque
709 2971 840 3030 subimus

119 3050 268 3125 Chaonio,
283 3058 313 3108 et
326 3051 433 3109 celsam
447 3052 582 3111 Buthroti
597 3050 761 3111 accedimus
774 3048 886 3107 urbem.

165 3127 224 3187 Hic
238 3129 415 3189 incredibilis
429 3149 522 3188 rernm
536 3131 613 3189 fama
626 3136 748 3206 occupat
762 3145 855 3203 aures,

125 3206 292 3267 Priamiden
306 3207 455 3271 Helenum
470 3209 572 3267 Graius
585 3227 704 3284 regnare
717 3225 770 3285 per
782 3205 879 3281 urbes,

124 3285 269 3364 Conjugio
282 3285 414 3351 AEacidre
429 3288 455 3345 P
475 3287 533 3347 rrhi
546 3286 725 3364 sceptrisque
737 3284 873 3362 potitum,

126 3363 168 3422 Et
179 3363 271 3440 patrio
284 3308 510 3425 Andromacicn
524 3367 629 3431 iterum
643 3365 766 3425 cessisse
780 3363 892 3430 marito.

126 3442 290 3520 Obstupui3
313 3444 443 3520 miroque
457 3446 608 3504 incensum
622 3452 723 3523 pectus
738 3461 833 3505 amore

126 3521 309 3597 Compellare
323 3523 426 3599 virum,
442 3531 471 3581 et
484 3543 568 3584 casus
582 3542 757 3601 cognoscere
771 3529 877 3588 tantos..

124 3598 299 3674 ¹Progredior
311 3609 407 3676 portu,
421 3601 527 3660 classes
541 3610 572 3661 et
583 3601 678 3662 littora
690 3602 834 3680 linquens.

160 3677 318 3749 ‚solemnes
333 3687 394 3739 tum
409 3677 481 3738 forts
496 3679 586 3761 dapes
600 3689 629 3741 et
643 3681 734 3741 tristia
747 3681 832 3755 done,
882 3730 891 3747 s
