2400 4178
82 180 134 237 188
479 180 661 240 AENEIDOS

81 332 157 406 Quis
171 331 298 390 Gracchi
312 335 425 409 genus?
447 343 496 393 aut
508 334 648 412 geminos,
662 334 719 393 duo
731 334 852 395 fulmina
864 336 946 415 belli,

82 412 241 489 Scipiadas,
255 412 366 470 cladem
381 411 505 490 Libyae?
524 431 670 491 parvoque
682 421 830 491 potentem

80 491 269 550 Fabricium?
289 491 334 549 vel
349 500 378 549 te
392 493 482 567 sulco,
498 493 629 566 Serrane,
644 496 808 552 serentem?
982 554 988 561 ,

82 568 149 643 Qud
164 570 269 628 fessum
284 571 391 648 rapitis,
406 568 512 630 Fabii?
546 570 595 630 Tu
608 572 755 631 Maximus
769 572 818 632 ille
832 592 873 649 es,

80 649 166 711 Unus
180 649 229 726 qui
242 648 325 707 uobis
339 651 501 709 cunctando
515 650 639 708 restituis
653 670 722 709 rem.

81 729 237 787 Excudent
250 728 298 785 alii
312 729 448 806 spirantia
461 727 575 787 mollitis
590 749 656 804 aera,

80 808 176 866 Credo
189 807 343 884 equidem;
364 810 445 867 vivos
459 810 567 866 ducent
580 809 616 866 de
631 827 770 868 marmore
783 809 899 883 vultus3
1001 858 1004 863 .

80 886 210 946 Orabunt
223 904 323 945 causas
336 885 459 960 melitis;
481 888 604 964 coelique
618 897 729 947 meatus

80 965 254 1025 Describent
267 966 355 1040 radio,
370 976 400 1025 et
412 966 557 1043 surgentia
570 967 664 1024 sidera
677 967 781 1026 dicent
1005 976 1067 1031 850

79 1044 127 1103 Tu
142 1063 240 1121 regere
253 1045 374 1123 imperio
387 1046 518 1124 populos,
532 1047 674 1121 Romane,
689 1056 855 1121 memento;
935 1051 939 1058 “

79 1123 136 1183 Hae
150 1125 203 1183 tibi
217 1133 300 1185 erunt
314 1134 397 1200 artes,
412 1127 548 1203 pacisque
561 1125 709 1202 imponere
722 1145 841 1202 morem,

79 1202 201 1261 Parcere
216 1204 361 1283 subjectis,
377 1212 406 1263 et
419 1204 562 1263 debellare
577 1203 723 1282 superbos.

119 1284 168 1342 Sic
181 1293 261 1361 pater
274 1283 417 1342 Anchises
428 1305 436 1358 3
459 1294 544 1361 atque
558 1284 622 1342 brea
635 1282 803 1341 mirantibus
817 1284 914 1343 addit:

78 1362 207 1440 Adspice
221 1373 253 1422 ut
266 1363 386 1438 insignis
400 1364 500 1441 spoliis
513 1362 670 1421 Marcellus
684 1362 786 1439 opimis
1004 1370 1066 1426 855

79 1442 251 1517 Ingreditur,
266 1443 414 1520 victorque
427 1444 503 1503 viros
516 1442 711 1520 supereminet
724 1461 833 1500 omnes.

78 1520 138 1578 Hic
152 1541 213 1578 rem
227 1522 399 1595 Romanam,
414 1542 518 1598 magno
531 1520 662 1578 turbante
677 1520 809 1596 tumultu,

80 1600 183 1672 Sistet;
206 1619 295 1676 eques
309 1609 415 1658 sternet
428 1601 544 1674 Poenos,
559 1598 732 1676 Gallumque
747 1600 904 1675 rebellem;

78 1677 234 1757 Tertiaque
248 1699 327 1737 arma
339 1681 411 1756 patri
425 1679 581 1757 suspendet
594 1687 678 1756 capta
691 1679 823 1751 Quirino.

77 1760 173 1835 Atque
187 1758 235 1817 bic
249 1760 370 1833 AEneas,
383 1761 441 1816 und
455 1777 579 1837 namque
593 1758 634 1816 ire
648 1759 763 1817 videbat
1003 1766 1066 1822 860

77 1837 236 1914 Egregium
250 1839 340 1896 forma
349 1842 488 1917 juvenem
503 1848 532 1897 et
545 1838 719 1914 fulgentibus
732 1838 827 1914 armis,

78 1916 137 1975 Sed
151 1918 227 1977 frons
242 1919 308 1977 laeta
320 1938 419 1995 parum
434 1928 464 1977 et
477 1919 588 1998 dejecto
602 1918 711 1977 lumina
723 1918 805 1976 vultu
817 1938 823 1974 :

77 1996 162 2073 Quis,
176 2006 267 2074 pater,
281 1998 331 2055 ille
345 1999 436 2055 virum
451 1999 500 2074 qui
513 1998 554 2055 sie
568 1998 718 2055 comitatur
731 1998 871 2055 euntem?

76 2076 191 2134 Filius?
213 2096 286 2134 anne
301 2077 338 2133 ali
359 2078 402 2134 uis
417 2077 520 2152 maguti
534 2077 570 2134 de
585 2076 671 2151 stirpe
685 2078 846 2152 nepotum?

77 2155 137 2226 Qui
148 2156 280 2232 strepitus
291 2156 367 2213 circa
379 2155 514 2213 comitum
525 2157 531 2210 !
552 2163 689 2230 quantum
704 2154 792 2212 instar
801 2155 831 2212 in
842 2156 905 2233 ipso
916 2160 978 2216 est!
1002 2164 1064 2220 865

77 2234 135 2292 Sed
150 2254 208 2292 nox
223 2244 281 2292 atra
294 2253 328 2292 ca
348 2243 379 2292 ut
392 2235 464 2293 tristi
477 2233 663 2292 circumvolat
675 2232 785 2290 umbra.

76 2313 153 2370 Tum
166 2322 247 2390 pater
259 2254 402 2371 Ancbises
415 2312 548 2389 lacrymis
562 2313 705 2389 ingressus
720 2311 845 2373 obortis:

76 2392 102 2451 0
117 2401 193 2467 nate,
207 2393 354 2468 ingentem
368 2392 477 2451 luctum
491 2412 528 2449 ne
542 2412 637 2467 quaere
651 2402 782 2465 tuorum3

76 2470 238 2530 Ostendent
251 2472 332 2530 terris
346 2472 424 2530 hune
439 2468 550 2530 tantiam
565 2473 630 2547 fata,
645 2490 738 2550 neque
752 2470 826 2531 ultra

75 2550 151 2608 Esse
166 2552 268 2610 sinent.
310 2551 341 2609 N
342 2549 444 2610 imilrm
457 2551 540 2610 vobis
553 2553 686 2610 Romana
698 2571 825 2630 propago
998 2560 1062 2617 870

75 2630 148 2689 Visa
160 2639 273 2709 potens,
289 2632 401 2710 Superi,
415 2632 530 2711 propria
543 2633 606 2690 haec
620 2633 645 2690 si
658 2633 733 2691 dona
745 2630 875 2691 fuissent

76 2711 208 2782 Quantos
221 2711 270 2769 ille
283 2712 376 2770 virfrm
391 2732 522 2788 magnam
537 2712 676 2771 Mavortis
690 2713 725 2770 ad
739 2710 838 2770 urbem

75 2790 203 2868 Campus
218 2800 283 2867 aget
296 2793 438 2868 gemitus!
460 2792 507 2849 vel
521 2812 595 2868 quae,
610 2790 757 2866 Tiberine,
771 2789 882 2849 videbis
965 2812 970 2821 ·

75 2870 199 2945 Funera,
214 2890 303 2946 quum
316 2872 457 2928 tumulum
471 2868 670 2947 praeterlabere
684 2872 851 2951 recentem}

74 2950 106 3009 N
107 2969 140 3006 ee
154 2967 226 3024 puer
240 2949 329 3007 Iliaca
342 2949 491 3025 quisquam
506 2949 542 3005 de
556 2956 641 3023 gente
654 2948 772 3006 Latinos
840 3003 851 3026 ,
996 2956 1063 3013 875

76 3029 112 3086 ln
124 3022 235 3085 tantrsrn
249 3046 299 3121 spe
313 3027 394 3086 tollet
408 3047 491 3099 avos,
513 3042 567 3084 nec
580 3026 706 3084 Romula
719 3028 862 3104 quondam

75 3106 145 3166 Ullo
159 3125 190 3164 se
204 3114 315 3164 tantum
328 3106 413 3164 tellus
423 3106 543 3183 jactabit
557 3106 679 3163 alumno.

35 3210 39 3217 ·
75 3185 146 3243 Heu
159 3185 270 3262 pietas!
292 3183 350 3242 beu
364 3185 458 3261 prisca
471 3185 559 3242 fides!
582 3185 743 3261 invictaque
757 3186 834 3244 bello

75 3266 222 3323 Dextera!
244 3283 300 3322 non
315 3264 358 3322 illi
372 3283 402 3322 se
417 3264 566 3341 quisquam
581 3261 699 3340 impune
713 3263 826 3325 tulisset

76 3345 187 3405 Obvius
202 3352 317 3419 armato,
332 3361 383 3402 seu
398 3362 486 3419 quum
500 3343 589 3420 pedes
603 3343 657 3402 iret
669 3344 699 3400 in
713 3344 836 3422 hostem,
997 3352 1061 3410 880

78 3425 136 3483 Seu
150 3423 308 3502 spumantis
322 3423 388 3500 equi
401 3422 510 3480 foderet
523 3421 680 3480 calcaribus
695 3442 796 3483 armos.

77 3504 163 3561 Heu!
185 3503 345 3562 miserande
358 3522 438 3581 puer,
453 3501 476 3559 si
491 3502 548 3577 qua
562 3501 619 3559 fata
632 3521 731 3578 aspera
744 3522 868 3581 rumpas,

77 3582 124 3639 Tu
138 3582 294 3641 Marcellus
308 3582 372 3640 eris.
414 3580 550 3638 Manibus
564 3581 629 3639 date
643 3581 703 3640 lilia
715 3583 827 3660 plenis:

76 3660 239 3737 Purpureos
254 3680 384 3738 spargam
396 3659 489 3734 flores,
505 3659 684 3738 animamque
697 3661 809 3738 nepotis

78 3739 135 3799 His
149 3740 249 3799 saltem
263 3739 441 3799 accumulem
455 3739 547 3813 donia,
563 3749 592 3798 et
604 3740 706 3816 fungar
718 3740 797 3799 inani
997 3748 1066 3813 085·

79 3819 213 3880 Munere.
255 3818 305 3878 Sic
318 3818 378 3878 tout
390 3817 496 3896 passim
511 3819 627 3894 regione
639 3826 779 3895 vagantur
994 3816 1016 3847 “·
