2400 4178
522 195 637 252 arnna
655 197 704 251 vr.
818 160 857 229 't

129 343 242 406 Inscius
255 346 375 421 AEneas,
389 361 454 423 quoe
468 347 526 407 sint
539 367 574 406 ea
586 347 706 406 flumina
717 346 811 425 porro,

129 426 226 498 Quive
238 427 292 485 viri
305 433 383 485 tanto
398 425 570 505 compldriut
583 422 697 502 agmine
711 426 795 505 ripas.

128 504 206 562 Tum
219 515 300 583 pater
312 504 473 564 Anchises:
495 506 610 564 Animae
624 505 730 581 quibus
744 506 833 565 altera
845 505 901 564 lato

127 584 257 662 Corpora
269 584 410 643 debentur
422 585 536 644 Lethaei
549 586 585 643 ad
598 584 724 644 fluminis
737 586 845 644 undam

129 663 251 722 Securos
263 664 364 723 latices
378 671 407 722 et
419 664 505 742 longa
518 664 625 723 oblivia
636 671 744 741 potant.
1047 667 1103 723 ’115
1134 728 1136 733 ,
1171 716 1175 727 .

127 742 191 801 Has
205 743 339 820 equidem
353 762 510 802 memorare
523 743 586 821 tibi,
601 752 686 820 atque
699 744 850 802 ostendere
864 742 970 818 cordm,

126 820 191 879 Jam
203 824 314 900 pridem
329 841 361 880 ac
374 823 484 899 prolem
499 822 583 900 cupio
597 842 763 881 enumerare
777 832 900 898 tuorum,

128 898 196 972 Qud
211 900 301 978 magis
316 901 399 960 ltalia
413 902 638 960 mecum'laetere
652 903 774 978 reperti.

128 980 154 1038 Ο
168 990 257 1058 pater,
273 1000 347 1038 anne
361 981 470 1058 aliquas
484 981 520 1038 ad
534 981 639 1039 coelum
652 979 721 1038 hino
735 981 776 1038 ire
790 980 948 1056 putandum
963 985 1007 1038 est

129 1058 274 1117 Sublimes
289 1060 407 1136 animas,
421 1060 583 1137 iterumque
596 1059 627 1116 in
641 1059 721 1116 tarda
733 1058 837 1117 reverti
1046 1061 1103 1117 720

127 1135 277 1214 Corpora?
312 1138 387 1208 Quae
401 1138 475 1196 lueis
489 1138 600 1197 miseris
613 1146 671 1197 tam
687 1137 747 1195 dira
760 1138 886 1214 cupido?
951 1141 953 1145 '

127 1216 232 1275 Dicam
246 1216 397 1293 equidem,
419 1235 473 1274 nec
487 1226 516 1276 te
529 1236 710 1293 suspensum,
724 1226 800 1292 uate,
815 1215 936 1275 tenebo:

129 1295 255 1372 Suscipit
268 1295 421 1372 Anchises,
436 1304 520 1373 atque
535 1296 634 1355 ordine
648 1295 760 1371 singula
772 1297 880 1373 pandit.

165 1374 312 1452 Principio
326 1376 441 1449 coelum,
456 1394 489 1433 ac
502 1383 600 1451 terras,
614 1394 788 1452 camposque
802 1374 953 1451 liquentes,

126 1454 345 1531 Lucentemque
359 1454 475 1531 globum
489 1455 575 1530 lunae,
590 1454 762 1530 Titaniaque
776 1461 859 1528 astra,
1046 1458 1103 1513 725

128 1534 249 1611 Spiritus
262 1535 340 1593 intus
355 1535 432 1608 alit3·
442 1541 587 1611 totamque
600 1533 695 1591 infusa
707 1551 760 1611 per
774 1542 849 1592 artus

125 1613 213 1672 Mens
228 1615 315 1690 agitat
328 1614 443 1689 molem,
459 1620 490 1672 et
500 1631 605 1689 magno
619 1631 651 1671 se
665 1631 786 1692 corpore
798 1612 908 1671 miscet.

126 1692 199 1750 Inde
213 1692 364 1751 hominum
375 1693 576 1770 pecudumque
590 1711 690 1767 genus,
704 1692 831 1767 vitaeque
845 1691 1001 1766 volantium,

120 1771 167 1845 ,Et
180 1790 245 1847 quae
258 1789 416 1829 marmoreo
430 1770 483 1829 fert
497 1779 624 1828 monstra
635 1771 689 1829 sub
704 1789 817 1846 aequore
830 1779 944 1848 pontus.
1117 1808 1121 1816 -

106 1850 118 1868 ‘
126 1849 234 1926 Igneus
248 1858 292 1908 est
304 1849 368 1909 ollis
381 1850 462 1925 vigor
475 1856 505 1908 et
517 1849 642 1908 coelestis
655 1849 734 1926 origo
1046 1852 1104 1907 730

127 1929 301 2004 Seminibus,
315 1926 454 2005 quantum
466 1948 525 1987 non
538 1928 627 1987 noxia
639 1948 758 2006 corpora
770 1928 891 2005 tardant,

125 2007 303 2086 Terrenique
317 2007 454 2067 hebetant
467 2016 543 2068 artus
556 2007 782 2084 moribundaque
797 2009 933 2067 membra.

125 2088 204 2146 Hinc
217 2095 349 2146 metuunt
362 2087 549 2165 cupiuntque,
564 2088 663 2147 dolent
676 2088 877 2166 gaudentque;
898 2106 992 2166 neque
1006 2106 1089 2148 auras

124 2168 297 2246 Dispiciunt,
313 2168 416 2226 clausae
430 2168 556 2226 tenebris
571 2175 600 2226 et
613 2186 727 2226 carcere
742 2186 830 2226 caeco.
962 2188 965 2193 ·

125 2247 204 2317 Quin
219 2255 248 2306 et
260 2265 394 2325 supremo
408 2267 496 2325 quum
509 2247 619 2306 lumine
634 2247 693 2306 vita
705 2246 828 2324 reliquit,
1046 2250 1104 2304 735

123 2326 155 2385 N
156 2346 193 2384 on
206 2335 302 2385 tamen
317 2344 403 2384 omne
417 2326 524 2384 malum
538 2325 659 2401 miseris,
674 2346 729 2385 nec
742 2322 871 2385 funditis
885 2344 986 2385 omnes

123 2405 168 2464 Co
203 2424 277 2462 orere
292 2405 438 2463 excedunt
449 2415 564 2482 pestes,
585 2403 758 2483 penitusque
772 2423 892 2464 necesse
906 2412 950 2464 est
1010 2448 1013 2453 -

124 2425 221 2541 Mrilta
234 2483 283 2540 diu
296 2491 430 2541 concreta
442 2484 535 2541 modis
548 2484 708 2552 inolescere
721 2484 810 2542 miris.

124 2562 204 2637 Ergo
218 2568 388 2618 exercentur
401 2562 504 2636 poenis,
517 2569 706 2639 veterumque
721 2563 860 2621 malorum

125 2639 274 2718 Supplicia
288 2639 463 2715 expendunt.
505 2639 580 2697 Aliae
593 2640 758 2716 panduntur
770 2642 872 2698 inanes
1046 2646 1104 2700 740

126 2721 279 2797 Suspensae
294 2717 329 2776 ad
343 2725 463 2776 ventos:
486 2717 549 2776 aliis
563 2719 615 2776 sub
630 2718 740 2795 gurgite
754 2727 835 2777 vasto

125 2798 269 2858 Infectum
284 2796 388 2856 eluitur
401 2796 505 2872 scelus,
520 2805 570 2856 aut
583 2796 711 2856 exuritur
723 2797 803 2874 igni:

125 2879 256 2956 Quisque
271 2896 337 2935 suos
350 2876 474 2955 patimur
487 2895 604 2950 manes;
627 2877 733 2934 exinde
745 2896 797 2955 per
811 2875 937 2953 amplum

124 2959 268 3018 Mittimur
281 2952 427 3033 Elysium,
442 2965 471 3016 et
477 2957 569 3093 pauci
581 2957 649 3014 laeta
662 2975 729 3014 arva
741 2964 873 3014 tenemus
885 2975 892 3013 ε

124 3039 227 3097 Donec
240 3037 326 3113 longa
339 3035 411 3111 dies,
424 3037 477 3113 'per
489 3045 552 3094 ecto
566 3035 703 3112 temporis
717 3034 796 3111 orbe,
1044 3039 1102 3094 745

124 3118 295 3177 Concretam
309 3115 418 3174 exemit
431 3115 536 3190 labem,
549 3133 711 3192 purumque
725 3113 841 3192 reliquit

125 3196 290 3255 AEtherium
304 3214 430 3269 sensum,
446 3203 531 3272 atque
545 3197 625 3252 aurai
638 3193 776 3271 simplicis
790 3194 895 3269 ignem.

125 3276 188 3333 Has
202 3293 311 3348 omnes,
325 3274 377 3331 ubi
390 3273 470 3331 mille
484 3281 575 3334 rotam
588 3270 705 3332 volvdre
718 3292 770 3351 per
783 3292 882 3348 annos,

125 3353 278 3414 Lethaeum
292 3352 328 3410 ad
341 3352 460 3411 fluvium
474 3353 546 3412 deus
560 3360 662 3411 evocat
675 3353 788 3429 agmine
802 3370 915 3426 magno,

127 3432 246 3491 Scilicet
257 3431 440 3489 immemores
454 3450 558 3509 supera
569 3439 602 3493 ut
613 3434 745 3491 convexa
757 3431 891 3503 revisant,
1044 3433 1105 3488 750

125 3512 237 3571 Rursus
251 3517 280 3571 et
292 3509 430 3587 incipiant
441 3509 472 3569 in
486 3528 606 3589 corpora
617 3512 694 3570 velle
707 3509 819 3569 reverti.

125 3592 248 3651 Dixerat
260 3589 423 3648 Anchises:
444 3598 609 3669 natumque,
623 3591 740 3667 unique
754 3586 902 3664 Sibyllam,

127 3669 295 3732 Conventus
307 3667 394 3782 truhqt
406 3667 437 3728 in
450 3669 560 3729 medios
573 3669 744 3746 turbamque
757 3674 905 3727 sonantem
915 3685 924 3738 3
