2370 4176
491 205 677 262 masam.
854 194 886 220 ·’
1040 201 1079 264 rr

94 355 154 412 Aut
166 352 223 412 aris
237 371 351 410 servare
365 372 469 429 sacros,
485 363 534 413 aut
547 355 679 412 scindere
692 363 806 430 terram,
1019 358 1076 414 160

95 432 135 490 Et
148 450 284 509 campum
297 431 461 490 horrentem
474 433 570 490 fractis
582 434 727 490 invertere
739 433 848 509 glebis:

96 511 208 568 Cretera
221 518 377 584 pascuntur
390 511 497 569 virides
511 519 640 568 armenta
651 528 704 587 per
716 511 828 570 herbas.
841 537 845 543 ¹

96 588 142 647 Tu
156 607 228 665 quos
243 588 279 644 ad
293 587 419 646 studium
433 597 517 665 atque
531 607 615 647 usum
629 589 764 648 formabis
778 597 931 666 agrestem,

96 667 160 723 Jam
173 665 280 723 vitulos
293 665 416 740 hortare,
431 667 564 743 viamque
578 667 678 724 insiste
695 668 839 743 domandi,
940 697 945 705 ·

97 746 175 802 Dum
188 744 288 802 faciles
303 744 391 801 animi
400 747 551 823 juvenum,
566 745 635 817 dum
650 745 764 804 mobilis
778 756 865 805 aetas.·
1019 751 1075 806 165

97 825 142 880 Ac
154 819 280 899 primirm
294 821 376 880 laxos
390 823 470 880 tenui
484 826 521 881 de
535 824 644 880 vimine
657 825 760 882 circlos

98 901 212 958 Cervici
226 900 383 973 subnecte3
404 901 520 975 dehinc,
535 901 586 958 ubi
599 902 689 959 libera
703 901 777 960 colla

98 979 221 1039 Servitio
236 975 385 1053 assuerint,
400 979 470 1055 ipsis
484 998 506 1040 e⁴
516 979 663 1056 torquibus
678 990 758 1056 aptos
829 1046 831 1050 ,

96 1058 112 1114 J
115 1076 189 1132 unge
202 1073 297 1134 pares,
312 1066 341 1114 ct
354 1076 426 1132 coge
440 1059 558 1131 gradum
573 1058 702 1115 conferre
713 1062 873 1136 juvencos3

96 1137 192 1210 Atque
207 1135 263 1192 illis
274 1137 334 1212 jam
349 1132 427 1211 saepe
442 1143 511 1193 rotae
525 1138 666 1194 ducantur
679 1137 780 1195 inanes
908 1208 914 1217 ι
1019 1138 1076 1194 170

49 1268 51 1273 ⁴
97 1214 154 1271 Per
166 1222 280 1286 terram,
296 1221 326 1270 et
338 1229 451 1271 summo
465 1215 587 1290 vestigia
599 1214 718 1290 pulvere
730 1217 855 1291 signent.
930 1238 935 1246 ·
960 1289 963 1292 Ι

97 1290 168 1349 Post
180 1291 277 1348 valido
290 1291 385 1349 nitens
399 1291 453 1349 sub
466 1294 594 1368 pondere
608 1291 720 1367 faginus
734 1295 796 1351 axis

99 1369 249 1444 Instrepat,
264 1377 293 1426 et
301 1372 418 1446 junctos
432 1379 509 1427 temo
523 1371 616 1428 trahat
630 1389 721 1428 aereus
734 1371 826 1428 orbes.

97 1447 213 1505 Interea
225 1446 295 1523 pubi
308 1448 456 1506 indomitae
470 1467 528 1504 non
543 1449 672 1523 gramina
684 1447 804 1524 tantum,

98 1526 163 1582 Nec
176 1543 277 1582 vescas
292 1525 411 1583 salicum
426 1526 551 1600 frondes,
566 1527 720 1602 ulvamque
733 1527 899 1602 palustrem,

100 1603 156 1660 Sed
170 1602 313 1661 frumenta
326 1623 415 1660 manu
427 1623 526 1680 carpes
540 1612 619 1662 sata:
641 1623 696 1662 nec
709 1605 762 1662 tibi
775 1604 862 1680 soetae,
946 1616 951 1626 '

98 1682 182 1738 More
195 1689 318 1757 patrum,
333 1683 419 1739 nivea
432 1682 593 1757 implebunt
606 1683 768 1741 mulctraria
780 1702 877 1740 vaccae
889 1703 897 1756 3

100 1760 158 1837 Sed
171 1767 232 1828 tota
244 1759 275 1816 in
290 1759 389 1816 dulces
403 1769 574 1818 consument
588 1759 677 1817 ubera
690 1769 781 1818 natos.

139 1838 190 1894 Sin
206 1838 242 1893 ad
255 1837 333 1895 bella
346 1835 438 1912 magis
452 1839 588 1912 studium,
603 1847 769 1914 turmasque
783 1839 903 1914 feroces,

98 1916 157 1973 Aut
169 1915 288 1994 Alphea
298 1916 366 1972 rotis
380 1915 498 1991 praelabi
511 1917 632 1974 flumina
645 1916 732 1991 Pisae,
943 1919 947 1928 “

100 1994 139 2050 Et
150 1993 233 2050 Jovis
247 1995 277 2049 in
292 1993 358 2050 luco
373 2013 471 2051 currus
486 1994 592 2069 agitare
606 1992 755 2066 volantes3
837 2055 840 2059 ,
884 2017 888 2026 ’

99 2071 212 2127 Primus
227 2072 294 2146 equi
307 2071 387 2128 labor
401 2080 446 2128 est
459 2073 569 2128 animos
584 2080 669 2148 atque
683 2090 762 2145 arma
774 2052 872 2133 videre
930 2093 933 2097 ·

99 2149 273 2223 Bellantirm,
288 2149 430 2225 lituosque
444 2150 514 2225 pati,
528 2156 677 2225 tractuque
692 2157 857 2224 gementem

99 2227 185 2285 Ferre
199 2236 300 2300 rotam,
316 2236 345 2284 et
358 2228 469 2285 stabulo
483 2228 587 2284 sraenos
602 2228 699 2285 audire
713 2235 857 2301 sonantes,

83 2305 174 2384 'Tum
188 2302 279 2379 magls
294 2314 378 2380 atque
393 2302 483 2379 magis
497 2305 610 2362 blandis
625 2305 749 2380 gaudere
764 2305 891 2380 magistri

100 2383 255 2456 Laudibus,
271 2392 300 2440 et
310 2385 419 2460 plausae
434 2385 558 2441 sonitum
573 2383 692 2440 cervicis
708 2401 815 2441 amare,
908 2431 911 2436 .

100 2463 193 2536 Atque
207 2461 271 2517 haec
282 2463 344 2538 jam
359 2462 454 2537 primo
468 2462 604 2537 depulsus
621 2460 656 2517 ab
671 2461 760 2517 ubere
774 2461 873 2518 matris

99 2541 221 2614 Audeat,
236 2539 323 2614 inque
337 2540 433 2596 vicem
448 2540 497 2597 det
511 2538 650 2597 mollibus,
660 2557 709 2595 ora
723 2539 855 2614 capistris

100 2613 256 2690 Invalidus,
271 2618 416 2692 etiamque
430 2625 565 2691 tremens,
580 2617 666 2673 etiam
681 2616 789 2673 inscius
804 2617 868 2673 aevi.

99 2697 146 2769 nt,
161 2696 251 2753 tribus
266 2696 385 2768 exactis,
400 2695 449 2752 ubi
463 2704 562 2770 quarta
576 2693 729 2751 accesserit
742 2702 835 2767 restas,

99 2774 224 2850 Carpere
239 2793 307 2829 mox
321 2792 422 2847 gyrum
436 2774 564 2849 incipiat,
580 2772 771 2846 gradibusque
786 2787 902 2827 souare.

100 2851 285 2928 Compositis,
300 2851 452 2926 sinuetque
467 2853 576 2908 alterna
588 2850 737 2908 solumina
750 2867 875 2922 crurum,

102 2930 199 3006 Sitque
213 2928 354 2986 laboranti
368 2929 486 3001 similis;
508 2937 568 2986 turn
583 2928 713 2984 cursibus
728 2945 810 2984 auras
890 2973 892 2978 .

100 3008 174 3065 Tum
189 3016 292 3079 vocet;
315 3025 348 3064 ac
360 3025 414 3084 per
428 3015 526 3083 aperta
539 3006 649 3079 volans,
665 3025 719 3062 ceu
732 3004 806 3063 liber
818 3003 950 3079 habenis,
1004 3010 1008 3017 '

98 3087 237 3162 AEquora,
252 3086 305 3142 vix
316 3084 428 3142 summi
441 3085 564 3158 vestigia
576 3092 666 3160 ponat
679 3083 774 3140 arensi.

100 3165 201 3234 Qualis
216 3160 416 3239 Hyperboreis
429 3162 537 3237 Aquilo
551 3181 641 3238 quum
655 3162 762 3218 densus
777 3160 812 3217 ab
828 3160 885 3217 oris

99 3242 245 3315 Incubuit,
262 3241 446 3317 Scythiaeque
457 3240 570 3298 hiemes
584 3247 668 3315 atque
683 3239 762 3296 arida
775 3237 871 3296 differt

98 3321 225 3378 Nubila:
247 3328 309 3377 tum
324 3327 436 3393 segetes
452 3319 517 3376 altae
526 3318 685 3393 campique
699 3325 832 3375 natantes
868 3321 871 3327 '

99 3399 229 3456 Lenibus
243 3398 417 3454 horrescunt
428 3396 535 3469 flabris,
550 3414 730 3471 summaeque
744 3413 878 3452 sonorem

99 3478 178 3547 Dant
191 3477 283 3550 silvae,
297 3475 435 3551 longique
449 3482 553 3549 urgent
567 3474 603 3530 ad
616 3474 711 3531 littora
723 3473 847 3556 fluctus:
880 3504 883 3509 >

101 3555 152 3614 Ille
166 3555 254 3626 volat,
270 3553 355 3610 simul
370 3573 437 3611 arva
450 3552 529 3627 fugit,
544 3552 631 3609 simul
645 3570 762 3627 aequora
774 3565 900 3607 verrens.

138 3635 198 3691 Hic
209 3633 260 3690 ·vel
275 3633 311 3689 ad
325 3631 393 3688 Elei
407 3639 498 3689 metas
513 3638 542 3687 et
555 3631 682 3687 maxima
695 3627 792 3702 campi

102 3711 223 3772 Sudabit
236 3710 339 3788 spatia,
354 3718 384 3768 et
397 3727 516 3785 spumas
530 3716 595 3782 aget
608 3726 658 3765 ore
672 3711 826 3775 cruentas3
