2400 4178
105 189 158 244 172
504 184 686 239 AENEIDOS

105 338 212 410 Lucus,
228 343 257 394 et
270 333 401 393 obscuris
415 333 554 392 claudunt
567 332 746 390 convallibus
760 334 879 392 umbrie.

106 416 164 473 Sed
179 433 236 472 non
251 411 317 471 ante
332 415 414 470 datur
428 413 537 469 telluris
551 420 650 488 operta
662 411 767 486 subire,
1036 422 1103 478 140

104 494 277 552 Auricomos
291 490 378 568 qudm
393 491 457 567 quis
472 491 648 566 decerpserit
661 489 760 547 arbore
774 489 869 551 loetus.

105 573 172 632 Hoc
187 572 241 629 sibi
255 570 376 646 pulchra
389 589 474 628 suum
488 569 554 626 ferri
568 569 742 644 Proserpina
754 588 858 628 munus

106 651 241 709 Instituit.
283 648 382 706 Primo
396 647 505 721 avulso,
520 666 578 704 non
593 647 691 704 deficit
705 647 776 704 alter

104 733 237 800 Aureus,
259 736 289 783 et
302 727 388 784 simili
402 725 598 783 frondescit
567 744 651 818 ,virga
665 725 791 784 metallo.

105 807 185 883 Ergo
197 770 253 863 uio
269 806 379 880 vestiga
392 805 493 896 oculis,
509 811 538 861 et
552 799 605 861 riti
620 813 764 880 repertum
1035 814 1098 868 145

104 886 199 962 Carpe
214 903 321 942 manu:
343 902 468 961 namque
482 884 544 967 ipse
558 882 659 939 volens
673 883 821 977 facilisque
836 891 985 962 sequetur,

106 964 138 1021 Si
152 972 180 1020 te
191 964 249 1021 fata
261 970 385 1034 vocant,
408 960 510 1035 aliter,
514 979 572 1018 non
586 960 694 1018 viribus
708 959 775 1019 ullis

104 1041 241 1115 Vincere,
256 1059 311 1097 nec
325 1041 395 1097 duro
409 1042 517 1117 poteris
532 1039 695 1097 convellere
709 1039 792 1097 ferro.

104 1120 251 1178 Praeterea
260 1123 340 1197 jacet
354 1119 520 1176 exanimum
533 1118 586 1176 tibi
600 1137 702 1194 corpus
718 1119 813 1194 amici,

105 1199 174 1256 Heu
190 1199 301 1256 nescis'
324 1206 470 1288 totamque
485 1198 607 1254 incestat
620 1197 720 1254 sunere
734 1197 866 1274 classem,
909 1224 913 1230 ·
1035 1205 1098 1259 150

105 1278 184 1334 Dum
198 1276 331 1335 consulta
343 1276 429 1353 petis,
443 1284 598 1352 nostroque
613 1277 642 1333 in
656 1275 757 1333 limine
770 1279 926 1354 pendes·

106 1354 231 1414 Sedibus
244 1353 323 1411 hunc
338 1354 412 1412 refer
425 1353 491 1414 antri
503 1356 571 1447 suis,
587 1363 617 1412 et
629 1355 722 1412 conde
737 1357 878 1432 sepulcro.

105 1434 173 1491 Duc
187 1436 282 1510 nigras
296 1435 442 1509 pecudes3
465 1453 500 1492 ea
512 1434 606 1510 prima
617 1432 732 1524 piacula
745 1443 838 1492 sunto.

107 1513 155 1571 Sic
171 1514 287 1570 demum
301 1513 382 1570 lucos
398 1513 522 1588 Stygios,
537 1529 625 1586 regna
637 1511 715 1568 invia
728 1512 812 1588 vivis,
908 1579 912 1584 .
1007 1520 1012 1528 '

104 1592 266 1666 Adspicies.
289 1591 382 1663 Dixit,
396 1609 554 1665 pressoque
568 1589 711 1647 obmutuit
724 1609 783 1648 ore.

144 1670 256 1726 AEneas
269 1677 371 1727 moesto
386 1669 500 1726 defixus
513 1668 623 1726 lumina
635 1668 716 1726 vultu
866 1723 870 1730 .

106 1748 276 1822 Ingreditur,
291 1747 425 1824 linquens
439 1757 562 1823 antrum,
577 1766 725 1824 caecosque
739 1747 849 1807 volutat

105 1828 238 1884 Eventus
252 1826 348 1884 animo
362 1846 478 1884 secum:
500 1827 549 1885 cui
562 1827 636 1884 lidus
650 1826 778 1884 Achates

106 1905 133 1962 It
147 1924 255 1980 comes,
271 1913 300 1963 et
312 1905 428 1982 paribus
442 1907 517 1964 curis
531 1905 653 1981 vestigia
666 1906 736 1981 figit.

105 1983 223 2042 Multa
215 1993 290 2042 mter
303 2003 368 2042 sesc
382 1986 460 2042 vario
475 2003 607 2042 sermone
621 1984 770 2041 serebant:
1037 1992 1100 2046 160

106 2061 204 2132 Quem
219 2063 328 2121 socium
344 2063 508 2119 exanimem
522 2070 613 2152 vates,
627 2062 704 2136 quod
719 2080 823 2154 corpus
834 2062 1027 2141 humandum,

105 2141 233 2198 Diceret.
274 2143 370 2216 Atque
384 2140 426 2197 illi
441 2139 613 2197 Misenum
605 2158 635 2195 11
650 2138 780 2197 littore
758 2159 844 2215 sicco,

105 2218 148 2277 Ut
160 2217 278 2293 rendre,
292 2219 402 2292 vident,
416 2217 536 2292 indigni
550 2225 640 2274 morte
653 2226 853 2308 peremptum3

104 2295 254 2354 Misenum
268 2295 416 2368 AEoliden,
431 2314 497 2371 quo
502 2315 560 2354 non
574 2297 753 2373 praestantior
767 2297 838 2354 alter

103 2375 178 2434 AEre
193 2375 271 2433 ciero
284 2375 370 2448 viros,
386 2374 570 2450 Martemque
585 2376 744 2432 accendere
759 2384 854 2433 cantu.
1037 2385 1102 2439 165

105 2453 242 2511 Hectoris
255 2454 303 2512 hic
317 2454 415 2528 magni
428 2451 521 2511 fuerat
534 2473 631 2511 comes
644 2474 650 2510 :
673 2454 802 2512 Hectora
815 2455 924 2513 circum

106 2533 147 2591 Et
160 2533 230 2590 lituo
244 2552 356 2610 pugnas
369 2532 490 2608 insignis
505 2533 602 2592 obibat
616 2541 644 2591 et
657 2531 749 2591 hasti.

106 2611 263 2688 Postquam
278 2612 359 2669 illum
373 2612 433 2670 virt
447 2611 540 2671 victor
554 2612 687 2690 spoliavit
700 2613 840 2687 Achilles,

107 2692 255 2749 Dardanio
269 2691 374 2749 AEneae
390 2710 453 2750 sese
467 2691 636 2750 fortissimus
650 2691 736 2749 heros
845 2754 847 2759 ,

106 2771 267 2829 Addiderat
280 2790 400 2845 socrum,
415 2790 473 2828 non
488 2771 623 2829 inferiora
636 2779 759 2829 secutus
862 2798 866 2806 ⁴
1039 2775 1102 2832 170

109 2850 168 2907 Sed
183 2857 244 2907 turn
258 2847 329 2907 lortd
344 2851 416 2907 cavi
430 2850 499 2906 dum
512 2858 647 2926 personat
660 2867 775 2923 aequora
788 2844 909 2922 conchd,

108 2929 249 3001 Demens,
265 2935 294 2984 et
308 2935 393 2984 cantu
407 2935 493 2984 vocat
505 2928 535 2983 in
550 2927 706 2984 certamina
719 2926 817 2998 divos3

108 3005 248 3061 AEmulus
262 3013 415 3080 exceptum
429 3005 532 3062 Triton
550 3005 589 3081 (si
603 3005 720 3062 credere
735 3005 853 3079 dignum
867 3002 925 3080 est)

110 3083 189 3140 Inter
203 3101 272 3138 saxa
285 3081 378 3138 virum
394 3101 528 3176 spumosa
542 3084 720 3142 immerserat
733 3084 819 3139 unda.

108 3161 188 3236 Ergo
203 3179 303 3217 omnes
318 3179 422 3234 magno
437 3159 545 3218 circdm
559 3162 684 3218 clamore
698 3161 868 3237 fremebant,
1039 3166 1104 3224 175

109 3236 303 3316 Praecipuo
275 3257 339 3316 prus
353 3239 473 3296 AEneas.
516 3239 615 3297 Tum
603 3259 686 3316 Jussa
701 3239 828 3315 sibyllae,

111 3319 199 3376 Haud
215 3337 302 3394 mora,
316 3318 453 3377 festinant
465 3317 537 3375 flent
525 3326 587 3375 tes
580 3338 744 3395 ,aramque
756 3317 922 3395 sepulcri

111 3397 277 3474 Congerere
292 3361 447 3471 drboribus,
462 3396 594 3472 coeloque
609 3398 731 3454 educere
746 3405 864 3455 certant.
1084 3468 1090 3473 Ι
1117 3436 1121 3441 -

112 3476 193 3535 Itur
185 3497 215 3535 m
231 3484 279 3534 ant
280 3476 375 3553 iquam
391 3476 502 3550 silium,
517 3476 628 3533 stabula
641 3477 698 3535 alta
710 3475 851 3534 ferarum:
906 3488 933 3583 ,1
1057 3538 1060 3545 ,

110 3554 351 3614 Procumbunt'
324 3575 432 3632 prceae3
456 3564 538 3613 sonat
550 3551 615 3613 rctd
621 3555 768 3613 securibus
781 3556 858 3627 ilex3
895 3538 1008 3626 ,1,,
1041 3520 1167 3649 Ιηῇ,

111 3633 323 3710 Fraxineaeque
337 3636 441 3710 trabes,
456 3635 555 3692 cuneis
570 3645 600 3694 et
613 3635 701 3692 fissile
715 3634 800 3692 robur

114 3712 279 3787 Scinditur3
302 3714 602 3790 advolvuutingentes
617 3697 762 3774 montibus
776 3729 870 3770 omos
971 3712 975 3718 ’
