<?xml version="1.0" encoding="UTF-8"?>
<!DOCTYPE html PUBLIC "-//W3C//DTD XHTML 1.0 Transitional//EN"
    "http://www.w3.org/TR/xhtml1/DTD/xhtml1-transitional.dtd">
<html xmlns="http://www.w3.org/1999/xhtml" xml:lang="en" lang="en">
 <head>
  <title>
</title>
<meta http-equiv="Content-Type" content="text/html;charset=utf-8" />
  <meta name='ocr-system' content='tesseract 3.04.00' />
  <meta name='ocr-capabilities' content='ocr_page ocr_carea ocr_par ocr_line ocrx_word'/>
</head>
<body>
  <div class='ocr_page' id='page_1' title='image "./bucolicageorgic02virggoog/bucolicageorgic02virggoog_0140.png"; bbox 0 0 2400 4178; ppageno 0'>
   <div class='ocr_carea' id='block_1_1' title="bbox 533 160 719 266">
    <p class='ocr_par' dir='ltr' id='par_1_1' title="bbox 533 160 719 266">
     <span class='ocr_line' id='line_1_1' title="bbox 533 160 719 266; baseline -0.005 0"><span class='ocrx_word' id='word_1_1' title='bbox 533 210 651 266; x_wconf 84' lang='lat' dir='ltr'>LIBER</span> <span class='ocrx_word' id='word_1_2' title='bbox 670 160 719 266; x_wconf 70' lang='lat' dir='ltr'>Iti.</span> 
     </span>
    </p>
   </div>
   <div class='ocr_carea' id='block_1_2' title="bbox 47 357 1125 3878">
    <p class='ocr_par' dir='ltr' id='par_1_2' title="bbox 47 357 1125 908">
     <span class='ocr_line' id='line_1_2' title="bbox 140 357 868 453; baseline -0.003 -34"><span class='ocrx_word' id='word_1_3' title='bbox 140 357 267 419; x_wconf 81' lang='lat' dir='ltr'>Venisse</span> <span class='ocrx_word' id='word_1_4' title='bbox 280 359 408 434; x_wconf 86' lang='lat' dir='ltr'>AEnean,</span> <span class='ocrx_word' id='word_1_5' title='bbox 422 359 550 438; x_wconf 86' lang='lat' dir='ltr'>Trojano</span> <span class='ocrx_word' id='word_1_6' title='bbox 565 380 582 418; x_wconf 90' lang='lat' dir='ltr'>a</span> <span class='ocrx_word' id='word_1_7' title='bbox 595 361 735 453; x_wconf 80' lang='lat' dir='ltr'>sanguine</span> <span class='ocrx_word' id='word_1_8' title='bbox 749 370 868 434; x_wconf 90' lang='lat' dir='ltr'>cretum,</span> 
     </span>
     <span class='ocr_line' id='line_1_3' title="bbox 93 438 845 536; baseline 0.001 -40"><span class='ocrx_word' id='word_1_9' title='bbox 93 497 95 502; x_wconf 81' lang='grc'>,</span> <span class='ocrx_word' id='word_1_10' title='bbox 141 438 198 497; x_wconf 92' lang='lat' dir='ltr'>Cui</span> <span class='ocrx_word' id='word_1_11' title='bbox 212 456 243 496; x_wconf 91' lang='lat' dir='ltr'>se</span> <span class='ocrx_word' id='word_1_12' title='bbox 256 438 416 514; x_wconf 90' lang='lat' dir='ltr'>pulchra</span> <span class='ocrx_word' id='word_1_13' title='bbox 389 458 450 495; x_wconf 93' lang='grc' dir='ltr'>ιιιο</span> <span class='ocrx_word' id='word_1_14' title='bbox 465 439 620 514; x_wconf 82' lang='lat' dir='ltr'>dignetur</span> <span class='ocrx_word' id='word_1_15' title='bbox 607 457 732 536; x_wconf 86' lang='lat' dir='ltr'>Jungere</span> <span class='ocrx_word' id='word_1_16' title='bbox 746 438 845 511; x_wconf 90' lang='lat' dir='ltr'>Did0;</span> 
     </span>
     <span class='ocr_line' id='line_1_4' title="bbox 140 516 935 594; baseline 0 -19"><span class='ocrx_word' id='word_1_17' title='bbox 140 517 171 576; x_wconf 92' lang='lat' dir='ltr'>N</span> <span class='ocrx_word' id='word_1_18' title='bbox 172 534 229 575; x_wconf 87' lang='lat' dir='ltr'>unc</span> <span class='ocrx_word' id='word_1_19' title='bbox 242 517 392 575; x_wconf 90' lang='lat' dir='ltr'>hiemem&#39;</span> <span class='ocrx_word' id='word_1_20' title='bbox 384 525 458 574; x_wconf 89' lang='lat' dir='ltr'>rnter</span> <span class='ocrx_word' id='word_1_21' title='bbox 472 535 503 574; x_wconf 89' lang='lat' dir='ltr'>se</span> <span class='ocrx_word' id='word_1_22' title='bbox 516 516 598 592; x_wconf 90' lang='lat' dir='ltr'>luxu,</span> <span class='ocrx_word' id='word_1_23' title='bbox 613 537 700 594; x_wconf 89' lang='lat' dir='ltr'>quam</span> <span class='ocrx_word' id='word_1_24' title='bbox 713 517 808 593; x_wconf 89' lang='lat' dir='ltr'>longa,</span> <span class='ocrx_word' id='word_1_25' title='bbox 823 516 935 591; x_wconf 81' lang='lat' dir='ltr'>fovere,</span> 
     </span>
     <span class='ocr_line' id='line_1_5' title="bbox 139 595 963 686; baseline 0.001 -33"><span class='ocrx_word' id='word_1_26' title='bbox 139 595 330 686; x_wconf 83' lang='lat' dir='ltr'>Regnorum</span> <span class='ocrx_word' id='word_1_27' title='bbox 322 613 514 670; x_wconf 80' lang='lat' dir='ltr'>immemores,</span> <span class='ocrx_word' id='word_1_28' title='bbox 528 597 660 672; x_wconf 87' lang='lat' dir='ltr'>turpique</span> <span class='ocrx_word' id='word_1_29' title='bbox 675 596 811 672; x_wconf 90' lang='lat' dir='ltr'>cupidine</span> <span class='ocrx_word' id='word_1_30' title='bbox 825 600 963 672; x_wconf 88' lang='lat' dir='ltr'>captos</span> 
     </span>
     <span class='ocr_line' id='line_1_6' title="bbox 141 673 1125 750; baseline -0.001 -20"><span class='ocrx_word' id='word_1_31' title='bbox 141 673 216 731; x_wconf 84' lang='lat' dir='ltr'>Haec</span> <span class='ocrx_word' id='word_1_32' title='bbox 229 673 336 750; x_wconf 87' lang='lat' dir='ltr'>passim</span> <span class='ocrx_word' id='word_1_33' title='bbox 351 674 406 731; x_wconf 91' lang='lat' dir='ltr'>dea</span> <span class='ocrx_word' id='word_1_34' title='bbox 418 673 535 730; x_wconf 87' lang='lat' dir='ltr'>soeda</span> <span class='ocrx_word' id='word_1_35' title='bbox 507 675 602 736; x_wconf 81' lang='grc' dir='ltr'>ιιιιιιιι</span> <span class='ocrx_word' id='word_1_36' title='bbox 615 674 771 732; x_wconf 88' lang='lat' dir='ltr'><strong>diffundit</strong></span> <span class='ocrx_word' id='word_1_37' title='bbox 763 695 795 732; x_wconf 89' lang='grc' dir='ltr'>ιιι</span> <span class='ocrx_word' id='word_1_38' title='bbox 809 694 866 732; x_wconf 86' lang='lat' dir='ltr'>ora.</span> <span class='ocrx_word' id='word_1_39' title='bbox 1060 676 1125 740; x_wconf 17' lang='lat'>,195</span> 
     </span>
     <span class='ocr_line' id='line_1_7' title="bbox 47 752 887 829; baseline 0.001 -20"><span class='ocrx_word' id='word_1_40' title='bbox 47 752 49 757; x_wconf 75' lang='grc'>’</span> <span class='ocrx_word' id='word_1_41' title='bbox 181 753 316 810; x_wconf 81' lang='lat' dir='ltr'>Protinus</span> <span class='ocrx_word' id='word_1_42' title='bbox 330 752 366 809; x_wconf 90' lang='lat' dir='ltr'>ad</span> <span class='ocrx_word' id='word_1_43' title='bbox 380 771 479 827; x_wconf 89' lang='lat' dir='ltr'>regem</span> <span class='ocrx_word' id='word_1_44' title='bbox 493 771 594 811; x_wconf 84' lang='lat' dir='ltr'>cursus</span> <span class='ocrx_word' id='word_1_45' title='bbox 608 755 760 829; x_wconf 82' lang='lat' dir='ltr'>detorquet</span> <span class='ocrx_word' id='word_1_46' title='bbox 773 753 887 828; x_wconf 87' lang='lat' dir='ltr'>Iarban,</span> 
     </span>
     <span class='ocr_line' id='line_1_8' title="bbox 141 831 892 908; baseline 0 -20"><span class='ocrx_word' id='word_1_47' title='bbox 141 831 332 906; x_wconf 87' lang='lat' dir='ltr'>Incenditque</span> <span class='ocrx_word' id='word_1_48' title='bbox 347 831 474 888; x_wconf 87' lang='lat' dir='ltr'>animum</span> <span class='ocrx_word' id='word_1_49' title='bbox 489 831 583 906; x_wconf 89' lang='lat' dir='ltr'>dictis,</span> <span class='ocrx_word' id='word_1_50' title='bbox 599 840 685 907; x_wconf 88' lang='lat' dir='ltr'>atque</span> <span class='ocrx_word' id='word_1_51' title='bbox 699 840 815 908; x_wconf 78' lang='lat' dir='ltr'>aggerat</span> <span class='ocrx_word' id='word_1_52' title='bbox 827 833 892 890; x_wconf 84' lang='lat' dir='ltr'>iras.</span> 
     </span>
    </p>

    <p class='ocr_par' dir='ltr' id='par_1_3' title="bbox 140 908 1124 1299">
     <span class='ocr_line' id='line_1_9' title="bbox 180 908 986 986; baseline -0.001 -19"><span class='ocrx_word' id='word_1_53' title='bbox 180 908 240 967; x_wconf 90' lang='lat' dir='ltr'>Hic</span> <span class='ocrx_word' id='word_1_54' title='bbox 254 909 420 967; x_wconf 91' lang='lat' dir='ltr'>Hammone</span> <span class='ocrx_word' id='word_1_55' title='bbox 434 920 521 983; x_wconf 88' lang='lat' dir='ltr'>satus,</span> <span class='ocrx_word' id='word_1_56' title='bbox 536 910 617 985; x_wconf 76' lang='lat' dir='ltr'>rapti</span> <span class='ocrx_word' id='word_1_57' title='bbox 631 910 834 968; x_wconf 77' lang='lat' dir='ltr'>Garamantide</span> <span class='ocrx_word' id='word_1_58' title='bbox 848 909 986 986; x_wconf 74' lang='lat' dir='ltr'>nymphi,</span> 
     </span>
     <span class='ocr_line' id='line_1_10' title="bbox 140 987 1099 1064; baseline 0.001 -20"><span class='ocrx_word' id='word_1_59' title='bbox 140 987 264 1064; x_wconf 83' lang='lat' dir='ltr'>Templa</span> <span class='ocrx_word' id='word_1_60' title='bbox 276 988 343 1045; x_wconf 91' lang='lat' dir='ltr'>Jovi</span> <span class='ocrx_word' id='word_1_61' title='bbox 357 996 476 1045; x_wconf 89' lang='lat' dir='ltr'>centum</span> <span class='ocrx_word' id='word_1_62' title='bbox 490 987 555 1045; x_wconf 88' lang='lat' dir='ltr'>latis</span> <span class='ocrx_word' id='word_1_63' title='bbox 568 988 706 1046; x_wconf 88' lang='lat' dir='ltr'>immania</span> <span class='ocrx_word' id='word_1_64' title='bbox 719 987 824 1063; x_wconf 85' lang='lat' dir='ltr'>regnis,</span> <span class='ocrx_word' id='word_1_65' title='bbox 1095 1029 1099 1039; x_wconf 62' lang='grc'><strong>»</strong></span> 
     </span>
     <span class='ocr_line' id='line_1_11' title="bbox 141 1065 1124 1143; baseline -0.002 -20"><span class='ocrx_word' id='word_1_66' title='bbox 141 1065 266 1123; x_wconf 83' lang='lat' dir='ltr'>Centum</span> <span class='ocrx_word' id='word_1_67' title='bbox 282 1085 343 1124; x_wconf 88' lang='lat' dir='ltr'>aras</span> <span class='ocrx_word' id='word_1_68' title='bbox 357 1066 471 1142; x_wconf 88' lang='lat' dir='ltr'>posuit;</span> <span class='ocrx_word' id='word_1_69' title='bbox 493 1066 668 1143; x_wconf 83' lang='lat' dir='ltr'>vigilemque</span> <span class='ocrx_word' id='word_1_70' title='bbox 680 1074 845 1124; x_wconf 77' lang='lat' dir='ltr'>sacraverat</span> <span class='ocrx_word' id='word_1_71' title='bbox 857 1067 964 1142; x_wconf 90' lang='lat' dir='ltr'>iguem,</span> <span class='ocrx_word' id='word_1_72' title='bbox 1065 1068 1124 1121; x_wconf 83' lang='lat'>200</span> 
     </span>
     <span class='ocr_line' id='line_1_12' title="bbox 140 1143 894 1221; baseline 0.001 -19"><span class='ocrx_word' id='word_1_73' title='bbox 140 1143 289 1202; x_wconf 84' lang='lat' dir='ltr'>Excubiae</span> <span class='ocrx_word' id='word_1_74' title='bbox 304 1144 403 1202; x_wconf 74' lang='lat' dir='ltr'>divum</span> <span class='ocrx_word' id='word_1_75' title='bbox 418 1152 557 1217; x_wconf 86' lang='lat' dir='ltr'>aeternas;</span> <span class='ocrx_word' id='word_1_76' title='bbox 579 1147 780 1221; x_wconf 80' lang='lat' dir='ltr'>pecudumque</span> <span class='ocrx_word' id='word_1_77' title='bbox 794 1164 894 1203; x_wconf 89' lang='lat' dir='ltr'>cruore</span> 
     </span>
     <span class='ocr_line' id='line_1_13' title="bbox 140 1222 876 1299; baseline 0 -19"><span class='ocrx_word' id='word_1_78' title='bbox 140 1223 253 1299; x_wconf 90' lang='lat' dir='ltr'>Pingue</span> <span class='ocrx_word' id='word_1_79' title='bbox 267 1223 370 1298; x_wconf 91' lang='lat' dir='ltr'>solum,</span> <span class='ocrx_word' id='word_1_80' title='bbox 386 1230 416 1280; x_wconf 90' lang='lat' dir='ltr'>et</span> <span class='ocrx_word' id='word_1_81' title='bbox 427 1222 513 1280; x_wconf 85' lang='lat' dir='ltr'>variis</span> <span class='ocrx_word' id='word_1_82' title='bbox 527 1223 658 1282; x_wconf 88' lang='lat' dir='ltr'>florentia</span> <span class='ocrx_word' id='word_1_83' title='bbox 670 1223 771 1280; x_wconf 89' lang='lat' dir='ltr'>limina</span> <span class='ocrx_word' id='word_1_84' title='bbox 784 1225 876 1282; x_wconf 90' lang='lat' dir='ltr'>sertis.</span> 
     </span>
    </p>

    <p class='ocr_par' dir='ltr' id='par_1_4' title="bbox 139 1302 998 2006">
     <span class='ocr_line' id='line_1_14' title="bbox 141 1302 904 1377; baseline 0 -17"><span class='ocrx_word' id='word_1_85' title='bbox 141 1303 229 1377; x_wconf 85' lang='lat' dir='ltr'>Isque</span> <span class='ocrx_word' id='word_1_86' title='bbox 244 1321 345 1359; x_wconf 88' lang='lat' dir='ltr'>amens</span> <span class='ocrx_word' id='word_1_87' title='bbox 360 1302 457 1377; x_wconf 90' lang='lat' dir='ltr'>animi,</span> <span class='ocrx_word' id='word_1_88' title='bbox 473 1311 502 1359; x_wconf 93' lang='lat' dir='ltr'>et</span> <span class='ocrx_word' id='word_1_89' title='bbox 515 1321 629 1360; x_wconf 89' lang='lat' dir='ltr'>rumore</span> <span class='ocrx_word' id='word_1_90' title='bbox 644 1321 783 1360; x_wconf 87' lang='lat' dir='ltr'>accensus</span> <span class='ocrx_word' id='word_1_91' title='bbox 797 1312 904 1377; x_wconf 85' lang='lat' dir='ltr'>amaro,</span> 
     </span>
     <span class='ocr_line' id='line_1_15' title="bbox 140 1379 875 1456; baseline -0.003 -18"><span class='ocrx_word' id='word_1_92' title='bbox 140 1380 255 1440; x_wconf 86' lang='lat' dir='ltr'>Dicitur</span> <span class='ocrx_word' id='word_1_93' title='bbox 269 1388 334 1439; x_wconf 90' lang='lat' dir='ltr'>ante</span> <span class='ocrx_word' id='word_1_94' title='bbox 349 1400 420 1456; x_wconf 87' lang='lat' dir='ltr'>aras,</span> <span class='ocrx_word' id='word_1_95' title='bbox 435 1381 531 1438; x_wconf 87' lang='lat' dir='ltr'>media</span> <span class='ocrx_word' id='word_1_96' title='bbox 545 1382 619 1438; x_wconf 89' lang='lat' dir='ltr'>inter</span> <span class='ocrx_word' id='word_1_97' title='bbox 632 1381 752 1438; x_wconf 89' lang='lat' dir='ltr'>numina</span> <span class='ocrx_word' id='word_1_98' title='bbox 765 1379 875 1455; x_wconf 82' lang='lat' dir='ltr'>divirm,</span> 
     </span>
     <span class='ocr_line' id='line_1_16' title="bbox 140 1459 980 1538; baseline 0 -22"><span class='ocrx_word' id='word_1_99' title='bbox 140 1459 235 1517; x_wconf 88' lang='lat' dir='ltr'>Multa</span> <span class='ocrx_word' id='word_1_100' title='bbox 248 1459 265 1516; x_wconf 89' lang='lat' dir='ltr'>J</span> <span class='ocrx_word' id='word_1_101' title='bbox 267 1479 351 1517; x_wconf 89' lang='lat' dir='ltr'>ovem</span> <span class='ocrx_word' id='word_1_102' title='bbox 365 1459 498 1518; x_wconf 90' lang='lat' dir='ltr'>manibus</span> <span class='ocrx_word' id='word_1_103' title='bbox 512 1460 636 1538; x_wconf 86' lang='lat' dir='ltr'>supplex</span> <span class='ocrx_word' id='word_1_104' title='bbox 650 1460 747 1517; x_wconf 69' lang='lat' dir='ltr'>orasse</span> <span class='ocrx_word' id='word_1_105' title='bbox 761 1459 888 1536; x_wconf 85' lang='lat' dir='ltr'>supinis:</span> <span class='ocrx_word' id='word_1_106' title='bbox 978 1486 980 1490; x_wconf 96' lang='lat'>·</span> 
     </span>
     <span class='ocr_line' id='line_1_17' title="bbox 139 1538 947 1617; baseline 0.004 -22"><span class='ocrx_word' id='word_1_107' title='bbox 139 1538 252 1614; x_wconf 88' lang='lat' dir='ltr'>Jupiter</span> <span class='ocrx_word' id='word_1_108' title='bbox 265 1539 456 1617; x_wconf 89' lang='lat' dir='ltr'>omnipotens,</span> <span class='ocrx_word' id='word_1_109' title='bbox 471 1540 520 1597; x_wconf 91' lang='lat' dir='ltr'>cui</span> <span class='ocrx_word' id='word_1_110' title='bbox 533 1560 610 1598; x_wconf 88' lang='lat' dir='ltr'>nuno</span> <span class='ocrx_word' id='word_1_111' title='bbox 626 1538 778 1597; x_wconf 89' lang='lat' dir='ltr'>Maurusia</span> <span class='ocrx_word' id='word_1_112' title='bbox 791 1538 875 1616; x_wconf 90' lang='lat' dir='ltr'>pictis</span> <span class='ocrx_word' id='word_1_113' title='bbox 944 1601 947 1606; x_wconf 73' lang='grc'><strong>,</strong></span> 
     </span>
     <span class='ocr_line' id='line_1_18' title="bbox 141 1617 835 1693; baseline 0 -19"><span class='ocrx_word' id='word_1_114' title='bbox 141 1618 221 1674; x_wconf 85' lang='lat' dir='ltr'>Gens</span> <span class='ocrx_word' id='word_1_115' title='bbox 236 1617 351 1693; x_wconf 86' lang='lat' dir='ltr'>epulata</span> <span class='ocrx_word' id='word_1_116' title='bbox 363 1618 432 1676; x_wconf 92' lang='lat' dir='ltr'>toris</span> <span class='ocrx_word' id='word_1_117' title='bbox 447 1619 589 1675; x_wconf 84' lang='lat' dir='ltr'>Lenaeum</span> <span class='ocrx_word' id='word_1_118' title='bbox 603 1619 673 1676; x_wconf 90' lang='lat' dir='ltr'>libat</span> <span class='ocrx_word' id='word_1_119' title='bbox 685 1619 835 1692; x_wconf 89' lang='lat' dir='ltr'>honorem,</span> 
     </span>
     <span class='ocr_line' id='line_1_19' title="bbox 139 1696 998 1788; baseline -0.001 -35"><span class='ocrx_word' id='word_1_120' title='bbox 139 1696 276 1772; x_wconf 85' lang='lat' dir='ltr'>Adspicis</span> <span class='ocrx_word' id='word_1_121' title='bbox 289 1696 376 1753; x_wconf 80' lang='lat' dir='ltr'>haec?</span> <span class='ocrx_word' id='word_1_122' title='bbox 398 1715 434 1753; x_wconf 90' lang='lat' dir='ltr'>an</span> <span class='ocrx_word' id='word_1_123' title='bbox 448 1702 487 1770; x_wconf 91' lang='lat' dir='ltr'>te,</span> <span class='ocrx_word' id='word_1_124' title='bbox 502 1696 623 1787; x_wconf 87' lang='lat' dir='ltr'>genitor,</span> <span class='ocrx_word' id='word_1_125' title='bbox 638 1716 726 1788; x_wconf 83' lang='lat' dir='ltr'>quum</span> <span class='ocrx_word' id='word_1_126' title='bbox 739 1697 861 1754; x_wconf 85' lang='lat' dir='ltr'>fulmina</span> <span class='ocrx_word' id='word_1_127' title='bbox 874 1704 998 1770; x_wconf 87' lang='lat' dir='ltr'>torques,</span> 
     </span>
     <span class='ocr_line' id='line_1_20' title="bbox 139 1773 960 1850; baseline -0.002 -18"><span class='ocrx_word' id='word_1_128' title='bbox 139 1775 346 1850; x_wconf 88' lang='lat' dir='ltr'>Nequidquam</span> <span class='ocrx_word' id='word_1_129' title='bbox 359 1774 531 1831; x_wconf 86' lang='lat' dir='ltr'>horremus?</span> <span class='ocrx_word' id='word_1_130' title='bbox 552 1775 682 1849; x_wconf 83' lang='lat' dir='ltr'>caecique</span> <span class='ocrx_word' id='word_1_131' title='bbox 695 1773 886 1841; x_wconf 69' lang='lat' dir='ltr'>inpubibus</span> <span class='ocrx_word' id='word_1_132' title='bbox 878 1792 960 1848; x_wconf 87' lang='lat' dir='ltr'>rgues</span> 
     </span>
     <span class='ocr_line' id='line_1_21' title="bbox 140 1852 979 1933; baseline -0.001 -23"><span class='ocrx_word' id='word_1_133' title='bbox 140 1853 313 1910; x_wconf 88' lang='lat' dir='ltr'>Terrificant</span> <span class='ocrx_word' id='word_1_134' title='bbox 326 1852 446 1927; x_wconf 87' lang='lat' dir='ltr'>animos,</span> <span class='ocrx_word' id='word_1_135' title='bbox 462 1861 491 1909; x_wconf 91' lang='lat' dir='ltr'>et</span> <span class='ocrx_word' id='word_1_136' title='bbox 503 1852 601 1933; x_wconf 86' lang='lat' dir='ltr'>inania</span> <span class='ocrx_word' id='word_1_137' title='bbox 614 1871 759 1908; x_wconf 89' lang='lat' dir='ltr'>murmura</span> <span class='ocrx_word' id='word_1_138' title='bbox 772 1852 916 1909; x_wconf 74' lang='lat' dir='ltr'>miscent?</span> <span class='ocrx_word' id='word_1_139' title='bbox 973 1860 979 1872; x_wconf 85' lang='lat'>&#39;</span> 
     </span>
     <span class='ocr_line' id='line_1_22' title="bbox 140 1895 896 2022; baseline -0.004 -32"><span class='ocrx_word' id='word_1_140' title='bbox 140 1931 286 2006; x_wconf 87' lang='lat' dir='ltr'>Foemina,</span> <span class='ocrx_word' id='word_1_141' title='bbox 301 1949 375 2022; x_wconf 79' lang='lat' dir='ltr'>qua,</span> <span class='ocrx_word' id='word_1_142' title='bbox 390 1895 509 1989; x_wconf 69' lang='lat' dir='ltr'>mitris</span> <span class='ocrx_word' id='word_1_143' title='bbox 509 1949 605 1988; x_wconf 89' lang='lat' dir='ltr'>errans</span> <span class='ocrx_word' id='word_1_144' title='bbox 618 1929 649 1988; x_wconf 91' lang='lat' dir='ltr'>in</span> <span class='ocrx_word' id='word_1_145' title='bbox 663 1929 779 2005; x_wconf 86' lang='lat' dir='ltr'>linibus,</span> <span class='ocrx_word' id='word_1_146' title='bbox 794 1928 896 1987; x_wconf 91' lang='lat' dir='ltr'>urbem</span> 
     </span>
    </p>

    <p class='ocr_par' dir='ltr' id='par_1_5' title="bbox 120 2009 830 2103">
     <span class='ocr_line' id='line_1_23' title="bbox 120 2009 830 2103; baseline -0.008 -31"><span class='ocrx_word' id='word_1_147' title='bbox 120 2056 122 2059; x_wconf 29' lang='grc' dir='ltr'>ψ</span> <span class='ocrx_word' id='word_1_148' title='bbox 141 2011 288 2086; x_wconf 79' lang='lat' dir='ltr'>Exiguam</span> <span class='ocrx_word' id='word_1_149' title='bbox 301 2010 393 2086; x_wconf 90' lang='lat' dir='ltr'>pretio</span> <span class='ocrx_word' id='word_1_150' title='bbox 406 2011 526 2103; x_wconf 87' lang='lat' dir='ltr'>posuit,</span> <span class='ocrx_word' id='word_1_151' title='bbox 528 2029 575 2067; x_wconf 89' lang='lat' dir='ltr'>cur</span> <span class='ocrx_word' id='word_1_152' title='bbox 567 2010 635 2068; x_wconf 93' lang='lat' dir='ltr'>litt</span> <span class='ocrx_word' id='word_1_153' title='bbox 611 2018 668 2068; x_wconf 93' lang='lat' dir='ltr'>ttus</span> <span class='ocrx_word' id='word_1_154' title='bbox 682 2009 830 2084; x_wconf 87' lang='lat' dir='ltr'>arandum,</span> 
     </span>
    </p>

    <p class='ocr_par' dir='ltr' id='par_1_6' title="bbox 140 2088 892 2245">
     <span class='ocr_line' id='line_1_24' title="bbox 142 2088 865 2174; baseline 0.001 -27"><span class='ocrx_word' id='word_1_155' title='bbox 142 2090 256 2166; x_wconf 84' lang='lat' dir='ltr'>Cuique</span> <span class='ocrx_word' id='word_1_156' title='bbox 271 2089 326 2147; x_wconf 86' lang='lat' dir='ltr'>loci</span> <span class='ocrx_word' id='word_1_157' title='bbox 340 2089 420 2166; x_wconf 86' lang='lat' dir='ltr'>leges</span> <span class='ocrx_word' id='word_1_158' title='bbox 434 2088 577 2174; x_wconf 87' lang='lat' dir='ltr'>dedimus,</span> <span class='ocrx_word' id='word_1_159' title='bbox 593 2088 739 2148; x_wconf 90' lang='lat' dir='ltr'>connubia</span> <span class='ocrx_word' id='word_1_160' title='bbox 751 2097 848 2148; x_wconf 86' lang='lat' dir='ltr'>nostra</span> <span class='ocrx_word' id='word_1_161' title='bbox 864 2125 865 2128; x_wconf 61' lang='lat'><em>=</em></span> 
     </span>
     <span class='ocr_line' id='line_1_25' title="bbox 140 2166 892 2245; baseline -0.001 -19"><span class='ocrx_word' id='word_1_162' title='bbox 140 2168 270 2245; x_wconf 85' lang='lat' dir='ltr'>Repulit,</span> <span class='ocrx_word' id='word_1_163' title='bbox 286 2188 329 2226; x_wconf 90' lang='lat' dir='ltr'>ac·</span> <span class='ocrx_word' id='word_1_164' title='bbox 327 2166 483 2228; x_wconf 84' lang='lat' dir='ltr'>dominum</span> <span class='ocrx_word' id='word_1_165' title='bbox 498 2170 637 2228; x_wconf 84' lang='lat' dir='ltr'>AEneau</span> <span class='ocrx_word' id='word_1_166' title='bbox 628 2189 659 2226; x_wconf 87' lang='grc' dir='ltr'>ιιι</span> <span class='ocrx_word' id='word_1_167' title='bbox 673 2188 762 2244; x_wconf 90' lang='lat' dir='ltr'>regua</span> <span class='ocrx_word' id='word_1_168' title='bbox 774 2167 892 2244; x_wconf 79' lang='lat' dir='ltr'>recepit</span> 
     </span>
    </p>

    <p class='ocr_par' dir='ltr' id='par_1_7' title="bbox 141 2247 834 2325">
     <span class='ocr_line' id='line_1_26' title="bbox 141 2247 834 2325; baseline 0.004 -22"><span class='ocrx_word' id='word_1_169' title='bbox 141 2247 183 2305; x_wconf 90' lang='lat' dir='ltr'>Et</span> <span class='ocrx_word' id='word_1_170' title='bbox 171 2255 273 2305; x_wconf 88' lang='lat' dir='ltr'>tnune</span> <span class='ocrx_word' id='word_1_171' title='bbox 286 2248 336 2306; x_wconf 90' lang='lat' dir='ltr'>ille</span> <span class='ocrx_word' id='word_1_172' title='bbox 350 2248 441 2325; x_wconf 86' lang='lat' dir='ltr'>Paris,</span> <span class='ocrx_word' id='word_1_173' title='bbox 458 2269 525 2308; x_wconf 90' lang='lat' dir='ltr'>cum</span> <span class='ocrx_word' id='word_1_174' title='bbox 539 2249 673 2307; x_wconf 90' lang='lat' dir='ltr'>semiviro</span> <span class='ocrx_word' id='word_1_175' title='bbox 688 2248 834 2321; x_wconf 87' lang='lat' dir='ltr'>comitatu,</span> 
     </span>
    </p>

    <p class='ocr_par' dir='ltr' id='par_1_8' title="bbox 141 2322 933 2557">
     <span class='ocr_line' id='line_1_27' title="bbox 141 2322 873 2403; baseline -0.001 -21"><span class='ocrx_word' id='word_1_176' title='bbox 141 2325 270 2384; x_wconf 76' lang='lat' dir='ltr'>Maeonid</span> <span class='ocrx_word' id='word_1_177' title='bbox 284 2322 415 2384; x_wconf 74' lang='lat' dir='ltr'>melitum</span> <span class='ocrx_word' id='word_1_178' title='bbox 430 2329 514 2386; x_wconf 76' lang='lat' dir='ltr'>mitri</span> <span class='ocrx_word' id='word_1_179' title='bbox 528 2328 694 2403; x_wconf 88' lang='lat' dir='ltr'>crinemque</span> <span class='ocrx_word' id='word_1_180' title='bbox 708 2327 825 2385; x_wconf 87' lang='lat' dir='ltr'>madent</span> <span class='ocrx_word' id='word_1_181' title='bbox 813 2334 873 2384; x_wconf 87' lang='lat' dir='ltr'>tem</span> 
     </span>
     <span class='ocr_line' id='line_1_28' title="bbox 143 2404 870 2495; baseline -0.001 -35"><span class='ocrx_word' id='word_1_182' title='bbox 143 2404 299 2479; x_wconf 91' lang='lat' dir='ltr'>Subnixus,</span> <span class='ocrx_word' id='word_1_183' title='bbox 307 2413 394 2495; x_wconf 33' lang='lat' dir='ltr'>,rapto</span> <span class='ocrx_word' id='word_1_184' title='bbox 408 2407 533 2481; x_wconf 91' lang='lat' dir='ltr'>potitur.</span> <span class='ocrx_word' id='word_1_185' title='bbox 556 2425 608 2462; x_wconf 93' lang='lat' dir='ltr'>nos</span> <span class='ocrx_word' id='word_1_186' title='bbox 622 2423 742 2462; x_wconf 86' lang='lat' dir='ltr'>munera</span> <span class='ocrx_word' id='word_1_187' title='bbox 755 2404 870 2480; x_wconf 90' lang='lat' dir='ltr'>templis</span> 
     </span>
     <span class='ocr_line' id='line_1_29' title="bbox 143 2481 933 2557; baseline -0.001 -20"><span class='ocrx_word' id='word_1_188' title='bbox 143 2481 260 2555; x_wconf 81' lang='lat' dir='ltr'>Quippe</span> <span class='ocrx_word' id='word_1_189' title='bbox 274 2482 330 2539; x_wconf 92' lang='lat' dir='ltr'>tuis</span> <span class='ocrx_word' id='word_1_190' title='bbox 343 2482 470 2556; x_wconf 84' lang='lat' dir='ltr'>serimus,</span> <span class='ocrx_word' id='word_1_191' title='bbox 484 2483 649 2557; x_wconf 86' lang='lat' dir='ltr'>famamque</span> <span class='ocrx_word' id='word_1_192' title='bbox 662 2482 816 2540; x_wconf 86' lang='lat' dir='ltr'>fovemus&#39;</span> <span class='ocrx_word' id='word_1_193' title='bbox 808 2495 933 2538; x_wconf 87' lang='lat' dir='ltr'>manem.</span> 
     </span>
    </p>

    <p class='ocr_par' dir='ltr' id='par_1_9' title="bbox 97 2558 958 3028">
     <span class='ocr_line' id='line_1_30' title="bbox 97 2558 859 2632; baseline 0 -18"><span class='ocrx_word' id='word_1_194' title='bbox 97 2624 99 2628; x_wconf 23' lang='grc' dir='ltr'>Ι</span> <span class='ocrx_word' id='word_1_195' title='bbox 182 2558 302 2615; x_wconf 89' lang='lat' dir='ltr'>Talibus</span> <span class='ocrx_word' id='word_1_196' title='bbox 317 2566 445 2614; x_wconf 89' lang='lat' dir='ltr'>orantem</span> <span class='ocrx_word' id='word_1_197' title='bbox 459 2560 552 2630; x_wconf 88' lang='lat' dir='ltr'>dictis,</span> <span class='ocrx_word' id='word_1_198' title='bbox 568 2578 687 2632; x_wconf 87' lang='lat' dir='ltr'>arasque</span> <span class='ocrx_word' id='word_1_199' title='bbox 701 2567 859 2630; x_wconf 90' lang='lat' dir='ltr'>tenentem,</span> 
     </span>
     <span class='ocr_line' id='line_1_31' title="bbox 142 2633 899 2711; baseline -0.004 -18"><span class='ocrx_word' id='word_1_200' title='bbox 142 2637 245 2694; x_wconf 83' lang='lat' dir='ltr'>Audiit</span> <span class='ocrx_word' id='word_1_201' title='bbox 259 2635 460 2711; x_wconf 89' lang='lat' dir='ltr'>Omnipotens,</span> <span class='ocrx_word' id='word_1_202' title='bbox 476 2635 632 2709; x_wconf 89' lang='lat' dir='ltr'>oculosque</span> <span class='ocrx_word' id='word_1_203' title='bbox 647 2637 683 2692; x_wconf 85' lang='lat' dir='ltr'>ad</span> <span class='ocrx_word' id='word_1_204' title='bbox 697 2635 806 2691; x_wconf 88' lang='lat' dir='ltr'>moeuia</span> <span class='ocrx_word' id='word_1_205' title='bbox 817 2633 899 2691; x_wconf 90' lang='lat' dir='ltr'>torsit</span> 
     </span>
     <span class='ocr_line' id='line_1_32' title="bbox 141 2712 798 2791; baseline -0.002 -20"><span class='ocrx_word' id='word_1_206' title='bbox 141 2715 246 2791; x_wconf 86' lang='lat' dir='ltr'>Regia,</span> <span class='ocrx_word' id='word_1_207' title='bbox 262 2722 291 2773; x_wconf 91' lang='lat' dir='ltr'>et</span> <span class='ocrx_word' id='word_1_208' title='bbox 304 2713 408 2771; x_wconf 91' lang='lat' dir='ltr'>oblitos</span> <span class='ocrx_word' id='word_1_209' title='bbox 421 2712 505 2770; x_wconf 88' lang='lat' dir='ltr'>famae</span> <span class='ocrx_word' id='word_1_210' title='bbox 520 2712 645 2770; x_wconf 91' lang='lat' dir='ltr'>melioris</span> <span class='ocrx_word' id='word_1_211' title='bbox 660 2732 743 2770; x_wconf 88' lang='lat' dir='ltr'>aman</span> <span class='ocrx_word' id='word_1_212' title='bbox 745 2719 798 2770; x_wconf 89' lang='lat' dir='ltr'>tes</span> 
     </span>
     <span class='ocr_line' id='line_1_33' title="bbox 142 2790 927 2869; baseline -0.004 -19"><span class='ocrx_word' id='word_1_213' title='bbox 142 2793 256 2851; x_wconf 90' lang='lat' dir='ltr'>Tum</span> <span class='ocrx_word' id='word_1_214' title='bbox 234 2813 275 2852; x_wconf 88' lang='lat' dir='ltr'>src</span> <span class='ocrx_word' id='word_1_215' title='bbox 290 2791 471 2851; x_wconf 84' lang='lat' dir='ltr'>Mercurium</span> <span class='ocrx_word' id='word_1_216' title='bbox 486 2792 647 2869; x_wconf 88' lang='lat' dir='ltr'>alloquitur,</span> <span class='ocrx_word' id='word_1_217' title='bbox 663 2811 696 2849; x_wconf 91' lang='lat' dir='ltr'>ac</span> <span class='ocrx_word' id='word_1_218' title='bbox 710 2790 778 2850; x_wconf 86' lang='lat' dir='ltr'>talia</span> <span class='ocrx_word' id='word_1_219' title='bbox 791 2790 927 2849; x_wconf 87' lang='lat' dir='ltr'>mandat:</span> 
     </span>
     <span class='ocr_line' id='line_1_34' title="bbox 141 2868 952 2949; baseline -0.004 -22"><span class='ocrx_word' id='word_1_220' title='bbox 141 2873 226 2931; x_wconf 88' lang='lat' dir='ltr'>Vade</span> <span class='ocrx_word' id='word_1_221' title='bbox 240 2892 303 2948; x_wconf 90' lang='lat' dir='ltr'>age,</span> <span class='ocrx_word' id='word_1_222' title='bbox 318 2891 356 2929; x_wconf 88' lang='lat' dir='ltr'>na</span> <span class='ocrx_word' id='word_1_223' title='bbox 356 2880 394 2948; x_wconf 88' lang='lat' dir='ltr'>te,</span> <span class='ocrx_word' id='word_1_224' title='bbox 410 2891 483 2930; x_wconf 87' lang='lat' dir='ltr'>voca</span> <span class='ocrx_word' id='word_1_225' title='bbox 496 2871 705 2949; x_wconf 85' lang='lat' dir='ltr'>Zephyros,et</span> <span class='ocrx_word' id='word_1_226' title='bbox 676 2869 815 2929; x_wconf 89' lang='lat' dir='ltr'>etlabere</span> <span class='ocrx_word' id='word_1_227' title='bbox 828 2868 952 2947; x_wconf 89' lang='lat' dir='ltr'>pennis;</span> 
     </span>
     <span class='ocr_line' id='line_1_35' title="bbox 141 2948 958 3037; baseline -0.006 -28"><span class='ocrx_word' id='word_1_228' title='bbox 141 2952 378 3028; x_wconf 91' lang='lat' dir='ltr'>Dardaniumque</span> <span class='ocrx_word' id='word_1_229' title='bbox 393 2952 506 3025; x_wconf 89' lang='lat' dir='ltr'>ducem,</span> <span class='ocrx_word' id='word_1_230' title='bbox 522 2950 612 3027; x_wconf 87' lang='lat' dir='ltr'>Tyria</span> <span class='ocrx_word' id='word_1_231' title='bbox 625 2950 802 3037; x_wconf 84' lang='lat' dir='ltr'>Carthagine</span> <span class='ocrx_word' id='word_1_232' title='bbox 817 2948 866 3027; x_wconf 92' lang='lat' dir='ltr'>qui</span> <span class='ocrx_word' id='word_1_233' title='bbox 880 2965 958 3007; x_wconf 91' lang='lat' dir='ltr'>nunc</span> 
     </span>
    </p>

    <p class='ocr_par' dir='ltr' id='par_1_10' title="bbox 81 3026 898 3188">
     <span class='ocr_line' id='line_1_36' title="bbox 81 3026 850 3108; baseline 0 -20"><span class='ocrx_word' id='word_1_234' title='bbox 81 3072 85 3076; x_wconf 79' lang='lat'><strong>·</strong></span> <span class='ocrx_word' id='word_1_235' title='bbox 140 3031 308 3108; x_wconf 86' lang='lat' dir='ltr'>Exspectat,</span> <span class='ocrx_word' id='word_1_236' title='bbox 322 3030 445 3107; x_wconf 87' lang='lat' dir='ltr'>satisque</span> <span class='ocrx_word' id='word_1_237' title='bbox 460 3031 539 3089; x_wconf 90' lang='lat' dir='ltr'>datas</span> <span class='ocrx_word' id='word_1_238' title='bbox 553 3049 611 3087; x_wconf 91' lang='lat' dir='ltr'>non</span> <span class='ocrx_word' id='word_1_239' title='bbox 625 3026 742 3106; x_wconf 89' lang='lat' dir='ltr'>respicit</span> <span class='ocrx_word' id='word_1_240' title='bbox 754 3030 850 3103; x_wconf 93' lang='lat' dir='ltr'>urbes,</span> 
     </span>
     <span class='ocr_line' id='line_1_37' title="bbox 141 3108 907 3188; baseline -0.004 -20.976"><span class='ocrx_word' id='word_1_241' title='bbox 141 3111 307 3188; x_wconf 85' lang='lat' dir='ltr'>Alloquere,</span> <span class='ocrx_word' id='word_1_242' title='bbox 323 3119 353 3169; x_wconf 90' lang='lat' dir='ltr'>et</span> <span class='ocrx_word' id='word_1_243' title='bbox 366 3112 475 3169; x_wconf 91' lang='lat' dir='ltr'>celeres</span> <span class='ocrx_word' id='word_1_244' title='bbox 490 3108 569 3167; x_wconf 85' lang='lat' dir='ltr'>deser</span> <span class='ocrx_word' id='word_1_245' title='bbox 583 3127 649 3165; x_wconf 90' lang='lat' dir='ltr'>mea</span> <span class='ocrx_word' id='word_1_246' title='bbox 662 3109 739 3167; x_wconf 86' lang='lat' dir='ltr'>dicta</span> <span class='ocrx_word' id='word_1_247' title='bbox 751 3128 803 3185; x_wconf 88' lang='lat' dir='ltr'>per</span> <span class='ocrx_word' id='word_1_248' title='bbox 817 3126 907 3166; x_wconf 89' lang='lat' dir='ltr'>ouras</span> 
     </span>
    </p>

    <p class='ocr_par' dir='ltr' id='par_1_11' title="bbox 141 3187 880 3344">
     <span class='ocr_line' id='line_1_38' title="bbox 141 3187 856 3266; baseline -0.003 -20"><span class='ocrx_word' id='word_1_249' title='bbox 141 3188 171 3246; x_wconf 94' lang='lat' dir='ltr'>N</span> <span class='ocrx_word' id='word_1_250' title='bbox 173 3209 210 3246; x_wconf 91' lang='lat' dir='ltr'>on</span> <span class='ocrx_word' id='word_1_251' title='bbox 224 3189 306 3246; x_wconf 91' lang='lat' dir='ltr'>illum</span> <span class='ocrx_word' id='word_1_252' title='bbox 321 3190 404 3247; x_wconf 91' lang='lat' dir='ltr'>nobis</span> <span class='ocrx_word' id='word_1_253' title='bbox 418 3189 550 3266; x_wconf 87' lang='lat' dir='ltr'>genetrix</span> <span class='ocrx_word' id='word_1_254' title='bbox 563 3187 757 3265; x_wconf 88' lang='lat' dir='ltr'>pulcherrima</span> <span class='ocrx_word' id='word_1_255' title='bbox 770 3187 856 3246; x_wconf 87' lang='lat' dir='ltr'>talem</span> 
     </span>
     <span class='ocr_line' id='line_1_39' title="bbox 141 3267 880 3344; baseline -0.001 -20"><span class='ocrx_word' id='word_1_256' title='bbox 141 3267 287 3342; x_wconf 87' lang='lat' dir='ltr'>Promisit,</span> <span class='ocrx_word' id='word_1_257' title='bbox 303 3267 481 3344; x_wconf 73' lang='lat' dir='ltr'>Graiumque</span> <span class='ocrx_word' id='word_1_258' title='bbox 490 3268 561 3325; x_wconf 91' lang='lat' dir='ltr'>ideo</span> <span class='ocrx_word' id='word_1_259' title='bbox 574 3267 619 3325; x_wconf 92' lang='lat' dir='ltr'>bis</span> <span class='ocrx_word' id='word_1_260' title='bbox 633 3267 762 3324; x_wconf 87' lang='lat' dir='ltr'>vindicat</span> <span class='ocrx_word' id='word_1_261' title='bbox 750 3267 880 3337; x_wconf 82' lang='lat' dir='ltr'>tarmis3</span> 
     </span>
    </p>

    <p class='ocr_par' dir='ltr' id='par_1_12' title="bbox 112 3344 976 3423">
     <span class='ocr_line' id='line_1_40' title="bbox 112 3344 976 3423; baseline -0.005 -20.995"><span class='ocrx_word' id='word_1_262' title='bbox 112 3345 202 3423; x_wconf 66' lang='lat' dir='ltr'>&gt;ised</span> <span class='ocrx_word' id='word_1_263' title='bbox 216 3346 277 3403; x_wconf 83' lang='lat' dir='ltr'>tore</span> <span class='ocrx_word' id='word_1_264' title='bbox 291 3365 340 3422; x_wconf 88' lang='lat' dir='ltr'>qur</span> <span class='ocrx_word' id='word_1_265' title='bbox 332 3345 521 3420; x_wconf 86' lang='lat' dir='ltr'>gravidam</span> <span class='ocrx_word' id='word_1_266' title='bbox 513 3346 642 3423; x_wconf 79' lang='lat' dir='ltr'>imperiis</span> <span class='ocrx_word' id='word_1_267' title='bbox 655 3344 790 3421; x_wconf 89' lang='lat' dir='ltr'>belloque</span> <span class='ocrx_word' id='word_1_268' title='bbox 803 3345 976 3402; x_wconf 85' lang='lat' dir='ltr'>frementem</span> 
     </span>
    </p>

    <p class='ocr_par' dir='ltr' id='par_1_13' title="bbox 142 3422 874 3578">
     <span class='ocr_line' id='line_1_41' title="bbox 143 3422 874 3500; baseline -0.001 -20"><span class='ocrx_word' id='word_1_269' title='bbox 143 3423 256 3483; x_wconf 89' lang='lat' dir='ltr'>Italiam</span> <span class='ocrx_word' id='word_1_270' title='bbox 270 3432 391 3499; x_wconf 87' lang='lat' dir='ltr'>regeret,</span> <span class='ocrx_word' id='word_1_271' title='bbox 406 3443 497 3500; x_wconf 90' lang='lat' dir='ltr'>genus</span> <span class='ocrx_word' id='word_1_272' title='bbox 511 3424 568 3482; x_wconf 88' lang='lat' dir='ltr'>alto</span> <span class='ocrx_word' id='word_1_273' title='bbox 583 3425 752 3516; x_wconf 82' lang='lat' dir='ltr'>asanguine</span> <span class='ocrx_word' id='word_1_274' title='bbox 766 3422 874 3481; x_wconf 88' lang='lat' dir='ltr'>Teucri</span> 
     </span>
     <span class='ocr_line' id='line_1_42' title="bbox 142 3501 895 3578; baseline -0.004 -18"><span class='ocrx_word' id='word_1_275' title='bbox 142 3501 291 3577; x_wconf 87' lang='lat' dir='ltr'>Proderet,</span> <span class='ocrx_word' id='word_1_276' title='bbox 306 3521 340 3560; x_wconf 86' lang='lat' dir='ltr'>ao</span> <span class='ocrx_word' id='word_1_277' title='bbox 354 3509 445 3561; x_wconf 88' lang='lat' dir='ltr'>totum</span> <span class='ocrx_word' id='word_1_278' title='bbox 459 3504 513 3562; x_wconf 94' lang='lat' dir='ltr'>sub</span> <span class='ocrx_word' id='word_1_279' title='bbox 526 3504 606 3578; x_wconf 86' lang='lat' dir='ltr'>leges</span> <span class='ocrx_word' id='word_1_280' title='bbox 620 3503 746 3562; x_wconf 90' lang='lat' dir='ltr'>mitteret</span> <span class='ocrx_word' id='word_1_281' title='bbox 758 3501 895 3558; x_wconf 87' lang='lat' dir='ltr'>orbern.</span> 
     </span>
    </p>

    <p class='ocr_par' dir='ltr' id='par_1_14' title="bbox 144 3581 793 3658">
     <span class='ocr_line' id='line_1_43' title="bbox 144 3581 793 3658; baseline -0.006 -18"><span class='ocrx_word' id='word_1_282' title='bbox 144 3581 177 3640; x_wconf 88' lang='lat' dir='ltr'>Si</span> <span class='ocrx_word' id='word_1_283' title='bbox 190 3581 271 3640; x_wconf 90' lang='lat' dir='ltr'>nulla</span> <span class='ocrx_word' id='word_1_284' title='bbox 284 3581 418 3640; x_wconf 89' lang='lat' dir='ltr'>accendit</span> <span class='ocrx_word' id='word_1_285' title='bbox 430 3590 573 3641; x_wconf 87' lang='lat' dir='ltr'>tantarum</span> <span class='ocrx_word' id='word_1_286' title='bbox 586 3581 676 3658; x_wconf 87' lang='lat' dir='ltr'>gloria</span> <span class='ocrx_word' id='word_1_287' title='bbox 689 3598 793 3654; x_wconf 87' lang='lat' dir='ltr'>rerum,</span> 
     </span>
    </p>

    <p class='ocr_par' dir='ltr' id='par_1_15' title="bbox 142 3651 838 3839">
     <span class='ocr_line' id='line_1_44' title="bbox 143 3651 838 3739; baseline -0.01 -18"><span class='ocrx_word' id='word_1_288' title='bbox 143 3651 210 3722; x_wconf 76' lang='lat' dir='ltr'>Nee</span> <span class='ocrx_word' id='word_1_289' title='bbox 223 3680 310 3739; x_wconf 88' lang='lat' dir='ltr'>super</span> <span class='ocrx_word' id='word_1_290' title='bbox 322 3661 384 3738; x_wconf 91' lang='lat' dir='ltr'>ipse</span> <span class='ocrx_word' id='word_1_291' title='bbox 399 3680 451 3719; x_wconf 88' lang='lat' dir='ltr'>sua</span> <span class='ocrx_word' id='word_1_292' title='bbox 436 3659 582 3718; x_wconf 90' lang='lat' dir='ltr'>molitur</span> <span class='ocrx_word' id='word_1_293' title='bbox 593 3660 679 3718; x_wconf 87' lang='lat' dir='ltr'>laude</span> <span class='ocrx_word' id='word_1_294' title='bbox 692 3659 838 3730; x_wconf 88' lang='lat' dir='ltr'>laborem;</span> 
     </span>
     <span class='ocr_line' id='line_1_45' title="bbox 142 3737 803 3839; baseline -0.011 -38"><span class='ocrx_word' id='word_1_295' title='bbox 142 3741 308 3803; x_wconf 84' lang='lat' dir='ltr'>Ascanione</span> <span class='ocrx_word' id='word_1_296' title='bbox 322 3748 404 3817; x_wconf 87' lang='lat' dir='ltr'>pater</span> <span class='ocrx_word' id='word_1_297' title='bbox 415 3741 564 3839; x_wconf 73' lang='lat' dir='ltr'>Romanas</span> <span class='ocrx_word' id='word_1_298' title='bbox 577 3738 688 3800; x_wconf 86' lang='lat' dir='ltr'>invidet</span> <span class='ocrx_word' id='word_1_299' title='bbox 701 3737 803 3796; x_wconf 83' lang='lat' dir='ltr'>arces?</span> 
     </span>
    </p>

    <p class='ocr_par' dir='ltr' id='par_1_16' title="bbox 303 3820 367 3878">
     <span class='ocr_line' id='line_1_46' title="bbox 303 3820 367 3878; baseline 0 0"><span class='ocrx_word' id='word_1_300' title='bbox 303 3820 367 3878; x_wconf 84' lang='lat'>12*</span> 
     </span>
    </p>
   </div>
   <div class='ocr_carea' id='block_1_3' title="bbox 80 3949 779 4142">
    <p class='ocr_par' dir='ltr' id='par_1_17' title="bbox 80 3949 779 4142">
     <span class='ocr_line' id='line_1_47' title="bbox 118 3949 779 4044; baseline -0.008 -29"><span class='ocrx_word' id='word_1_301' title='bbox 118 3966 177 4041; x_wconf 42' lang='lat' dir='ltr'>[jd</span> <span class='ocrx_word' id='word_1_302' title='bbox 198 4008 223 4033; x_wconf 44' lang='grc' dir='ltr'>μ,</span> <span class='ocrx_word' id='word_1_303' title='bbox 251 3965 266 4015; x_wconf 66' lang='lat' dir='ltr'><em>l</em></span> <span class='ocrx_word' id='word_1_304' title='bbox 301 3949 374 4025; x_wconf 49' lang='lat' dir='ltr'>Ji„-</span> <span class='ocrx_word' id='word_1_305' title='bbox 429 3988 456 4044; x_wconf 56' lang='lat' dir='ltr'>&#39;r&#39;-</span> <span class='ocrx_word' id='word_1_306' title='bbox 478 3982 482 3994; x_wconf 94' lang='lat'>&#39;</span> <span class='ocrx_word' id='word_1_307' title='bbox 518 3980 521 3985; x_wconf 84' lang='grc'><em>“</em></span> <span class='ocrx_word' id='word_1_308' title='bbox 543 3978 548 3993; x_wconf 70' lang='lat'><strong>⁴</strong></span> <span class='ocrx_word' id='word_1_309' title='bbox 628 3970 641 3983; x_wconf 54' lang='lat'>⁸</span> <span class='ocrx_word' id='word_1_310' title='bbox 774 3974 779 3990; x_wconf 80' lang='lat'><strong><em>¹</em></strong></span> 
     </span>
     <span class='ocr_line' id='line_1_48' title="bbox 80 4076 261 4142; baseline 0 -1"><span class='ocrx_word' id='word_1_311' title='bbox 80 4076 186 4142; x_wconf 33' lang='lat' dir='ltr'>ulf-ala</span> <span class='ocrx_word' id='word_1_312' title='bbox 227 4124 261 4141; x_wconf 71' lang='lat' dir='ltr'>ar</span> 
     </span>
    </p>
   </div>
   <div class='ocr_carea' id='block_1_4' title="bbox 0 0 1204 4178">
    <p class='ocr_par' dir='ltr' id='par_1_18' title="bbox 0 0 1204 4178">
     <span class='ocr_line' id='line_1_49' title="bbox 0 0 1204 4178; baseline 0 0"><span class='ocrx_word' id='word_1_313' title='bbox 0 0 1204 4178; x_wconf 95' lang='lat' dir='ltr'> </span> 
     </span>
    </p>
   </div>
  </div>
 </body>
</html>
