2370 4176
486 188 492 195 ·
519 183 636 256 arena
653 183 676 238 1.

98 326 203 390 Omnis
217 328 248 391 iu
262 330 390 389 Ascanio
405 331 463 389 cari
477 339 532 390 stat
546 343 614 391 cura
625 332 767 409 parentis„
824 393 830 404 ,
879 344 884 356 “

98 407 227 467 Munera
260 416 389 487 tereres,
404 409 501 468 Iliacis
516 416 615 491 erepta
626 411 725 488 ruinis,
818 468 821 473 .

97 486 189 546 Ferre
199 428 304 566 jubet3¹
325 487 435 565 pallam.
446 488 539 565 signis
551 507 676 567 auroque
690 488 841 567 rigentem,

87 563 142 645 ,Et
155 566 377 625 circumtextum
392 585 494 640 croceo
507 566 642 626 velamen
656 568 790 644 acantho,
826 629 829 633 ,

99 643 227 703 Ornatus
241 644 359 720 Argivae
374 645 509 721 Helenae,
524 665 596 722 quoa
606 644 656 703 illa
669 646 816 723 Mycenis,

98 722 243 801 Pergama
256 742 346 800 quum
358 731 471 800 peteret
483 724 726 801 inconcessosque
740 725 931 803 Hymeneos,

99 801 264 877 Extulerat,
280 802 377 859 matris
391 803 481 860 Ledae
494 802 626 861 mirabile
640 804 767 861 donum:

98 879 246 956 Praeterea
259 887 413 957 sceptrum,
428 881 523 939 Ilione
537 883 613 958 quod
628 890 755 957 gesserat
768 883 847 958 olim,

97 957 233 1016 Maxima
246 965 376 1016 natarum
390 958 510 1040 Priami,
525 960 657 1037 colloque
671 960 779 1018 monile

99 1033 272 1112 Baccatum,
287 1045 317 1095 et
330 1037 477 1114 duplicem
492 1039 614 1112 gemmis
618 1058 754 1114 auroque
769 1058 912 1099 coronam.

99 1111 176 1173 Haeo
191 1116 330 1191 celerans,
345 1115 399 1174 iter
413 1116 449 1173 ad
463 1135 552 1174 naves
566 1117 703 1175 tendebat
715 1118 852 1177 Achates.

139 1195 180 1251 At
193 1192 340 1270 Cytherea
352 1212 443 1252 novas
457 1202 541 1270 artes,
555 1215 632 1253 nova
644 1204 760 1272 pectore
773 1205 868 1259 versat
920 1258 929 1274 ,

100 1268 249 1345 Consilia;
270 1279 304 1330 ut
316 1272 421 1329 faciem
436 1281 562 1330 mutatus
576 1271 605 1330 e't
618 1293 668 1331 ora
680 1268 796 1351 Cupido

99 1349 158 1406 Pro
173 1349 250 1408 dulci
264 1350 391 1408 Ascanio
404 1351 512 1426 veniat,
527 1345 666 1428 donisque
680 1351 822 1411 furentem

101 1427 244 1487 Incendat
256 1429 394 1504 reginam,
411 1437 497 1505 atque
511 1428 624 1487 ossibus
638 1430 768 1506 implicet
781 1431 888 1506 ignem.

101 1505 222 1584 Quippe
236 1508 354 1564 domum
369 1507 451 1566 timet
464 1507 638 1583 ambiguam,
654 1508 816 1586 Tyriosque
829 1510 983 1588 bilingues.

99 1584 168 1644 Urit
181 1594 262 1643 atrox
275 1584 361 1661 Juuo,
376 1593 406 1643 et
418 1586 472 1644 sub
486 1583 601 1645 noctem
616 1606 685 1646 cura
698 1595 832 1648 recursat.

101 1663 182 1740 Ergo
197 1662 243 1721 bis
257 1664 395 1740 aligerum
410 1664 494 1723 dictis
508 1665 611 1723 affatur
624 1668 779 1725 Amorem:

99 1741 132 1800 N
133 1750 189 1817 ate,
205 1761 278 1800 mere
291 1743 376 1816 vires,
392 1762 458 1816 mea
470 1763 575 1819 magna
587 1745 725 1820 potentin,
741 1746 828 1821 solus,

98 1818 189 1894 Nate,
203 1821 291 1898 patris
305 1821 410 1879 summi
424 1822 473 1897 qui
487 1821 696 1898 tela‘Typhoia
708 1824 823 1900 temnis,

97 1899 151 1959 ad
161 1907 190 1956 te
205 1899 349 1976 confugio,
364 1907 394 1957 et
406 1901 530 1977 supplex
543 1907 594 1957 tua
607 1901 726 1958 numina
737 1906 836 1978 posco.

98 1976 201 2035 Frater
214 1987 248 2037 ut
259 1978 370 2036 AEueas
383 1979 486 2055 pelago
501 1987 568 2037 tuus
582 1979 680 2037 omnia
693 1980 802 2038 circum
822 2045 825 2050 „

98 2054 211 2114 Littora
224 2059 342 2115 'astetur
356 2057 429 2114 odiis
442 2059 459 2115 J
461 2057 565 2116 unonis
579 2057 696 2153 iniquae,

97 2134 180 2194 Nota
192 2078 262 2208 tiii3
285 2144 313 2193 et
326 2144 423 2194 nostro
438 2136 553 2195 doluisti
567 2155 645 2214 saepe
661 2137 767 2195 dolore.

100 2212 190 2272 Hunc
204 2214 358 2272 Phoenissa
370 2222 450 2272 tenet
463 2216 551 2289 Dido,
566 2215 738 2292 blandisque
752 2225 878 2275 moratur

96 2291 247 2351 Vocibus:
270 2301 299 2350 et
312 2312 414 2351 vereor
427 2291 484 2370 qud
500 2314 530 2351 se
543 2293 670 2352 Junonia
682 2304 795 2354 vertant

97 2371 253 2448 Hospitis:
274 2372 353 2429 baud
366 2380 445 2431 tauto
460 2372 583 2431 cessabit
597 2375 713 2431 cardine
728 2394 832 2433 rerum.

97 2449 247 2520 Quocirca
261 2470 364 2527 capere
377 2448 444 2510 ante
461 2451 543 2527 dolis,
559 2461 588 2510 et
602 2453 718 2528 cingere
730 2453 848 2518 flamma

98 2527 244 2604 Reginam
255 2530 397 2603 meditor;
419 2549 456 2588 ne
471 2551 529 2607 quo
543 2550 574 2588 se
589 2531 710 2590 numine
724 2539 825 2606 mutet,

97 2608 161 2664 Sed
175 2627 279 2684 magno
294 2609 399 2666 AEneae
413 2627 530 2666 mecum
544 2617 677 2668 teneatur
691 2629 795 2667 amore.

98 2686 169 2758 Qud
182 2686 276 2745 facere
289 2687 319 2745 id
333 2687 439 2764 possis,
453 2695 579 2744 nostram
593 2705 671 2744 nunc
687 2688 785 2764 accipe
800 2696 936 2746 mentem.

98 2765 223 2841 Regius,
238 2767 332 2824 accitu
343 2766 401 2824 cari
416 2761 562 2841 genitoris,
578 2766 614 2823 ad
627 2765 728 2822 urbem

96 2844 249 2902 Sidoniam
263 2864 337 2923 puer
349 2845 392 2903 ire
405 2853 495 2921 parat,
511 2864 576 2902 mea
589 2843 717 2901 maxima
730 2847 806 2918 cur‘a,

98 2924 186 2981 Dona
200 2922 305 2998 serens,
319 2924 422 3001 pelago
437 2931 466 2982 et
479 2923 604 2982 flammis
618 2923 755 2981 restantia
768 2922 884 3000 Trojae:

99 3001 191 3060 Hunc
205 3021 258 3078 ego
273 3003 398 3080 sopitum
412 3023 523 3079 somno,
538 3023 626 3079 super
638 3001 695 3061 alta
709 3001 846 3078 Cythera,
872 3068 875 3073 ⁴

98 3082 160 3139 Aut
174 3100 260 3157 super
273 3082 407 3159 idalium,
423 3083 534 3141 sacrati
548 3084 618 3140 sede
628 3081 783 3140 recondam
797 3100 805 3153 ;

98 3159 147 3216 Ne
163 3161 221 3236 qui
235 3159 308 3218 scire
323 3161 413 3237 dolos,
428 3163 579 3220 mediusve
594 3179 743 3218 occurrere
756 3158 855 3236 possit.

99 3238 147 3295 Tu
161 3238 265 3296 faciem
280 3238 368 3315 illius,
383 3249 498 3298 noctem
514 3260 572 3297 non
586 3237 709 3316 amplius
723 3259 822 3315 unam,

99 3316 184 3374 Falla
199 3318 276 3393 dolo,
292 3326 321 3376 et
334 3327 417 3377 notos
430 3319 513 3398 pueri
527 3336 599 3396 puer
611 3319 700 3376 indue
714 3319 828 3393 vultus;

100 3395 151 3472 Ut,
167 3417 257 3472 quum
272 3405 301 3455 te
315 3398 425 3473 gremio
439 3399 565 3474 accipiet
577 3398 725 3455 laetissima
738 3397 817 3456 Dido

100 3473 229 3553 Regales
241 3477 317 3533 inter
331 3496 447 3535 mensas
460 3477 634 3553 laticemque
648 3477 781 3552 Lyaeum‚

102 3550 203 3624 Quum
218 3554 299 3613 dabit
312 3556 463 3633 amplexus
478 3567 562 3632 atque
577 3555 676 3613 oscula
689 3555 786 3612 dulcia
799 3554 878 3629 figet,

103 3631 257 3692 Occultum
271 3633 395 3712 inspires
408 3634 516 3710 ignem,
530 3634 670 3709 fallasque
683 3651 807 3690 veneno.

140 3711 227 3774 Paret
241 3710 333 3771 Amor
345 3713 431 3772 dictis
442 3732 514 3772 carae
527 3712 692 3788 genetricis,
707 3719 737 3768 et
751 3710 809 3767 alas
915 3776 920 3783 ,
