2400 4178
514 164 629 219 LIBER
642 165 694 219 111.

114 311 174 370 Ter
187 311 298 389 scopuli
311 310 466 376 clamorem
479 312 554 371 inter
567 332 639 372 cava
651 316 721 372 saxa
734 311 860 389 deddre;

114 390 173 447 Ter
186 409 316 467 spumam
330 390 431 448 elisam
445 399 474 448 et
487 393 612 450 rorantia
623 393 749 451 vidimus
763 400 845 451 astra

152 469 268 526 Interea
281 469 371 528 fessos
385 477 488 527 ventus
502 489 567 526 eum
583 470 644 528 sole
658 470 790 547 reliquit;

59 552 62 564 '
113 545 265 624 lgnarique
278 547 343 622 viae,
359 547 521 624 Cyelopum
536 548 686 608 allabimur
697 549 765 607 oris.

112 623 216 683 Portus
230 625 265 682 ab
280 644 397 683 accessu
411 633 563 684 ventorum
577 627 724 703 immotus,
739 636 768 686 et
779 627 882 704 ingens

113 702 199 778 Ipae3
221 705 272 761 sed
286 702 426 761 horrificis
436 702 520 782 juxtd
534 712 614 764 tonat
627 706 719 763 AEtna
732 707 831 781 ruinis,

113 780 318 858 Interdumque
333 791 421 840 atram
434 783 594 859 prorumpit
607 785 643 840 ad
655 784 764 842 aethera
776 783 894 861 nubem,

112 859 241 917 Turbine
255 861 414 918 fumantem
428 861 522 937 piceo,
537 868 567 916 et
579 861 721 920 candente
734 862 851 936 favilla3
969 861 975 865 ’

111 938 283 1014 Attollitque
298 939 398 1013 globos
412 938 600 1013 flammarum,
616 946 645 1014 et
658 939 752 998 sidera
764 940 884 999 lambit:

112 1015 260 1072 Interdum
275 1016 408 1093 scopulos
423 1015 580 1090 avulsaque
593 1016 705 1074 viscera
717 1017 823 1075 montis

111 1092 207 1168 Erigit
219 1101 362 1168 eructans,
376 1092 587 1169 liquefactaque
601 1112 670 1151 saxa
683 1095 736 1152 sub
751 1115 833 1154 auras

112 1170 189 1228 Cum
203 1171 312 1245 gemitu
326 1171 474 1246 glomerat,
488 1171 634 1247 fundoque
649 1181 788 1232 exaestuat
800 1174 868 1233 imo.

110 1249 202 1306 Fama
216 1258 260 1307 est
274 1249 415 1306 Enceladi
429 1249 598 1307 semiustum
613 1249 732 1308 fulmine
746 1271 850 1328 corpus

110 1326 215 1403 Urgeri
229 1328 305 1385 mole
319 1328 603 1402 hae,.ingentemque
617 1328 736 1405 insuper
748 1330 868 1388 AEtnam

110 1406 278 1483 Impositam
292 1406 382 1484 ruptis
396 1406 541 1463 flammam
556 1407 702 1482 exspirare
716 1408 856 1482 caminis,

109 1484 159 1559 Et,
173 1484 282 1542 sessum
295 1485 408 1561 quoties
422 1492 514 1543 mutet
526 1485 609 1560 latus,
624 1486 779 1544 intremere
793 1507 910 1545 omnem

109 1564 259 1621 Murmure
274 1563 463 1638 Trinacriam,
479 1571 508 1621 et
521 1564 626 1622 coelum
641 1564 795 1623 subtexere
808 1566 898 1624 fumo.

148 1643 274 1700 Noctem
288 1641 368 1701 illam
381 1641 451 1700 teeti
465 1641 544 1698 silvis
557 1643 696 1700 immania
708 1652 834 1703 monstra

109 1719 304 1792 Perlerimus3
325 1739 390 1794 nec,
405 1738 470 1795 quae
485 1721 609 1777 sonitum
624 1722 673 1779 det
687 1740 782 1797 causa,
798 1723 950 1781 videmus:
976 1746 982 1752 ·

108 1798 187 1855 Nam
202 1817 296 1873 neque
311 1806 391 1856 erant
405 1805 543 1855 astrorum
558 1798 649 1873 ignes,
664 1817 718 1856 nec
731 1800 846 1858 lucidus
860 1799 950 1858 aethria

111 1876 229 1934 Siderea
243 1878 346 1952 polus,
369 1876 490 1934 obscuro
505 1877 556 1934 sed
570 1876 669 1934 nubila
683 1877 776 1952 coelo;

108 1955 149 2013 Et
162 1955 261 2013 lunam
274 1955 304 2013 in
318 1954 417 2012 nimbo
432 1975 491 2012 nox
504 1955 677 2032 intempesta
690 1954 815 2015 tenebat.

147 2035 267 2093 Postera
277 2037 397 2112 jamque
412 2034 473 2092 dies
486 2035 579 2111 primo
593 2033 729 2110 surgebat
742 2035 816 2111 Eoo,

108 2111 345 2207 Humentemque
359 2116 470 2170 Aurora
481 2113 549 2191 polo
564 2113 722 2171 dimoverat
736 2113 886 2188 umbram,

109 2190 207 2261 Quum
221 2192 320 2251 subito
332 2211 348 2249 e
362 2193 451 2267 silvie,
466 2192 559 2250 macie
573 2192 704 2250 confecta
717 2193 862 2270 suprema,

107 2268 203 2344 Ignoti
216 2290 292 2328 nova
304 2270 395 2328 forma
408 2271 471 2346 viri,
487 2271 705 2347 miserandaque
719 2272 808 2346 cultu,

106 2347 253 2422 Procedit,
269 2349 449 2425 supplexque
465 2368 566 2407 manus
581 2351 616 2407 ad
630 2350 725 2409 littora
737 2350 840 2409 tendit
881 2420 884 2424 Α

106 2424 311 2499 Respicimus:
333 2424 395 2481 dira
408 2426 532 2498 illuvies,
547 2425 734 2500 immissaque
748 2424 845 2500 barba,

107 2502 282 2559 Consertum
296 2510 434 2574 tegumen
448 2501 556 2576 spinis;
579 2510 608 2558 at
620 2512 728 2559 caetera
741 2502 855 2576 Graius,

107 2581 150 2639 Ut
163 2580 307 2655 quondam
321 2577 419 2653 patriis
434 2578 469 2634 ad
483 2579 600 2653 Trojam
615 2580 718 2636 missus
732 2579 762 2635 in
777 2580 871 2637 armis.

108 2658 195 2735 Isque
208 2656 260 2714 ubi
273 2653 437 2713 Dardanios
449 2653 564 2711 habitus
578 2662 607 2711 et
621 2655 710 2712 Troia
722 2656 795 2713 vidit

106 2739 196 2795 Arma
209 2735 319 2812 procul,
333 2730 451 2811 pauldm
467 2733 603 2809 adspectu
617 2733 788 2791 conterritus
800 2733 894 2808 haesit,

107 2814 313 2891 Continuitque
328 2813 466 2889 gradum3
488 2832 557 2869 mox
571 2831 635 2870 sese
649 2813 685 2870 ad
698 2812 793 2871 littora
804 2831 935 2890 praeceps

106 2895 182 2953 Cum
196 2894 266 2952 fletu
278 2891 470 2970 precibusque
484 2891 568 2949 tulit:
590 2891 648 2948 Per
662 2891 756 2949 sidera
769 2899 866 2967 testor,

106 2974 163 3032 Per
176 2991 305 3050 superos,
320 2979 407 3048 atque
420 2970 476 3028 hoc
490 2969 557 3029 coeli
571 2969 705 3046 spirabile
718 2970 826 3046 lumen,

64 3051 73 3065 '
106 3051 213 3111 Tollite
226 3064 282 3126 me',
298 3050 404 3113 Teucri
414 3056 430 3123 ;‘'
445 3068 641 3126 quascumque
655 3048 788 3121 abducite
801 3057 901 3124 terras,

106 3130 173 3189 Hoc
186 3138 231 3188 sat
243 3130 305 3189 erit.
348 3129 416 3188 Scio
430 3147 477 3186 me
491 3127 601 3185 Danais
615 3147 632 3185 e
646 3128 784 3186 classibus
797 3146 898 3204 unum,

106 3209 147 3267 Et
158 3209 237 3266 bello
251 3209 354 3266 Iliacos
368 3207 458 3266 fateor
470 3207 588 3284 petiisse
602 3207 735 3264 Penates.

106 3286 164 3345 Pro
176 3305 243 3363 quo,
258 3285 282 3344 si
296 3285 411 3344 sceleris
425 3293 504 3345 tauta
517 3293 562 3344 est
574 3285 679 3364 injuria
692 3285 790 3359 nostri,
856 3354 861 3360 ,

108 3363 239 3442 Spargite
252 3383 299 3422 me
312 3364 343 3420 in
357 3363 469 3439 fluetus,
484 3372 622 3439 vastoque
635 3364 796 3440 immergite
809 3368 908 3439 ponto.

107 3443 139 3501 Si
152 3461 251 3520 pereo,
265 3441 417 3500 bominum
431 3442 564 3500 manibus
577 3442 697 3520 periisse
706 3440 829 3522 juvabit

105 3521 247 3595 Dixerat3
270 3529 308 3595 et,
322 3536 418 3596 genua
430 3522 589 3598 amplexus,
604 3520 783 3597 genibusque
796 3517 939 3594 volutans,

105 3599 254 3661 Haerebat.
297 3598 357 3670 Qui
371 3597 492 3676 sit,·l'ari,
506 3619 564 3678 quo
577 3599 717 3676 sanguine
731 3606 835 3674 cretus,
