2400 4178
138 196 177 253 ns
545 192 727 251 sucinos
824 156 827 161 ’

140 343 298 421 Obstupuit
310 344 396 403 simul
410 344 484 421 ipse,
498 344 583 403 simul
597 363 750 421 percussus
763 342 891 405 Achates

140 424 312 499 Letitiaque
325 431 480 499 metuque:
502 424 578 481 uvidi
592 426 768 501 conjungere
780 422 896 483 dextras

141 502 310 573 Ardebnut3
331 503 382 559 sed
397 520 443 557 rcs
456 502 568 559 animos
582 502 728 575 incognita
740 500 843 559 turbat.

140 580 350 653 Dissimulant;
371 588 401 637 et
414 580 491 637 nube
505 582 577 637 cavei
590 578 773 657 speculantur
786 580 895 655 amicti,

141 658 217 729 Quae
232 658 345 715 fortuna
357 658 435 731 siris,
450 658 572 717 classem
587 677 644 735 quo
658 658 752 715 littore
765 658 906 735 linquant,

140 738 220 807 Quid
234 736 372 807 veniant3
393 738 504 795 cunctis
518 756 585 793 uam
600 736 668 793 lccti
681 736 804 793 navibus
817 737 898 795 ibant

141 814 266 873 Omutcs
280 816 404 887 reniam,
416 826 445 871 et
459 815 600 891 templum
615 814 741 872 clamore
755 815 901 890 petebant.

179 892 335 969 Postquam
350 894 524 967 introgressi,
538 904 568 951 et
580 892 678 951 comim
693 894 759 950 data
772 894 857 969 copia
869 894 965 965 sandi,

139 970 289 1029 Maximus
305 972 431 1029 llioneus
444 972 558 1049 placido
572 972 613 1029 sic
627 972 861 1049 pectoreercpit:

140 1047 167 1106 0
182 1051 289 1123 regina,
304 1070 409 1108 novum
423 1052 471 1108 cui
485 1051 609 1107 eondcrc
622 1050 737 1126 Jupiter
749 1050 860 1124 urbem,

138 1128 312 1205 Justitiaquc
326 1130 406 1187 dedit
419 1139 520 1205 gentes
533 1130 652 1187 srerrnre
666 1127 813 1203 superbas,

139 1206 233 1263 Troes
247 1218 275 1265 te
290 1208 397 1281 miseri,
411 1208 505 1265 ventis
521 1208 609 1265 maria
622 1208 721 1264 omnia
733 1208 820 1281 recti,

140 1282 282 1343 Oramus:
303 1286 425 1363 prohibe
440 1286 571 1346 infandos
586 1306 602 1343 a
617 1287 739 1343 naribus
752 1288 844 1359 ignes,

141 1363 232 1421 Parce
248 1366 297 1441 pio
311 1367 420 1439 generi,
435 1376 463 1423 ct
477 1362 594 1441 propius
609 1384 653 1421 res
668 1365 783 1439 adspice
797 1372 916 1423 nostras.

140 1442 209 1499 Non
224 1464 277 1501 nos
291 1454 339 1502 erit
354 1444 426 1501 l'erro
441 1444 567 1519 Libycus
581 1443 718 1518 populare
732 1440 858 1499 Penates

140 1520 294 1593 Venimus,
310 1532 358 1579 aut
371 1533 465 1596 raptas
479 1522 515 1577 ad
530 1520 622 1577 littora
635 1528 747 1577 vertere
761 1521 890 1595 prusdu's:

140 1598 208 1655 Non
224 1618 258 1657 ea
271 1602 315 1656 ris
330 1600 436 1671 nniruo,
451 1620 504 1655 nec
519 1607 597 1655 tauta
609 1598 745 1674 superbis
757 1598 849 1655 victis.

140 1677 196 1735 Est
209 1677 301 1752 locus,
317 1678 489 1753 llespcrium
505 1678 584 1734 Graii
598 1677 895 1752 cognomiueldicuut,

139 1755 230 1813 Terra
244 1758 369 1833 arrtiqua,
383 1766 485 1834 potens
500 1756 585 1813 nrmis
599 1766 684 1832 utque
699 1756 788 1813 ubere
801 1756 913 1831 glebae3

141 1834 258 1894 OEnotri
273 1834 389 1894 coluere
403 1836 475 1894 riri:
498 1855 574 1893 nnuc
590 1836 666 1892 sama
679 1836 804 1893 minores

140 1912 253 1971 ltaliam
268 1915 386 1987 dixisse,
400 1915 484 1971 ducis
497 1914 534 1971 de
549 1915 675 1988 nominc,
690 1923 817 1990 gentem.
883 1914 886 1919 ’

140 1992 208 2049 lluc
224 2012 324 2051 cursus
337 1994 410 2051 suit:

140 2070 240 2140 Quum
255 2070 349 2131 subitis
365 2091 515 2145 assurgens
529 2070 617 2127 lluctu
633 2069 781 2127 nimbosus
795 2071 884 2128 Orion

140 2148 174 2204 ln
189 2149 262 2205 vada
275 2170 353 2207 caeca
366 2149 439 2221 tulit,
454 2145 627 2223 penitusque
640 2148 811 2223 procacibus
824 2148 939 2205 Austris

138 2226 254 2303 Perque
268 2229 369 2301 undas,
384 2234 535 2303 superante
549 2226 619 2299 solo,
634 2243 743 2301 perque
757 2225 835 2284 invia
848 2244 927 2300 saxa,

138 2305 283 2380 Dispulit:
305 2306 363 2362 huc
377 2305 461 2380 pauci
475 2304 576 2361 vestris
591 2304 759 2361 adnavimus
775 2305 841 2362 oris.

140 2382 227 2452 Quod
241 2404 332 2455 genus
346 2383 402 2441 hoc
416 2382 575 2457 hominum,
590 2402 692 2459 quaeve
706 2382 785 2440 hune
798 2390 857 2442 tarn
871 2382 993 2443 barbara
1009 2403 1132 2449 morem

138 2460 283 2519 Permittit
296 2462 407 2539 patria?
429 2459 553 2538 hospitio
567 2460 754 2538 prohibemur
768 2481 881 2519 srenae:
1066 2472 1132 2527 540

138 2539 223 2597 Bella
236 2540 323 2616 cient,
338 2541 487 2618 primisque
502 2549 600 2598 retunt
612 2541 770 2599 consistere
784 2542 869 2600 terrei.

139 2618 170 2674 Si
185 2638 277 2693 genus
291 2620 451 2678 humanum
467 2628 496 2678 ct
510 2620 641 2678 mortalia
653 2616 781 2680 temnitis
795 2640 882 2694 arma,

140 2699 177 2756 At
190 2711 301 2775 sperate
316 2701 385 2757 deos
399 2719 541 2757 memores
555 2699 633 2757 fandi
648 2708 734 2776 atque
747 2699 872 2757 nefandi.

140 2776 205 2835 Rex
220 2788 279 2837 erat
293 2780 405 2836 AEneas
419 2779 512 2851 nobis,
528 2798 584 2853 quo
594 2780 699 2855 justior
713 2778 784 2835 alter

140 2856 168 2913 N
170 2876 204 2915 ec
216 2858 323 2934 pietate
336 2856 398 2930 suit,
413 2875 468 2912 nec
483 2855 559 2912 bello
573 2858 663 2930 mnjor
675 2863 705 2911 et
718 2856 804 2910 armis
815 2875 822 2909 :
1065 2862 1132 2921 645

138 2935 234 3004 Quem
249 2936 273 2992 si
287 2935 345 2993 fato
357 2936 451 2991 sirum
466 2940 588 3004 servant,
604 2933 628 2987 si
642 2931 767 2988 vescitur
780 2930 850 2987 auri

140 3013 282 3086 AEtherib,
297 3030 392 3088 neque
403 3009 497 3066 adhuc
511 3008 676 3066 crudelibus
691 3007 813 3067 occubat
827 3008 946 3085 umbris,
958 3064 972 3071 ..

137 3090 166 3145 N
169 3109 206 3145 on
220 3098 315 3147 metus
329 3088 423 3146 officio
439 3106 475 3144 ne
490 3096 518 3144 te
532 3088 657 3145 certisse
671 3088 796 3164 priorem

136 3167 291 3225 Poeniteat.
335 3167 409 3224 Sunt
422 3174 452 3223 et
467 3165 572 3223 Siculis
587 3166 750 3241 regionibus
764 3164 859 3235 urbes,

136 3247 282 3323 Arvaque,
297 3244 481 3321 Trojanoque
496 3263 512 3300 a
526 3246 665 3317 sauguine
679 3243 773 3301 clerus
787 3244 918 3301 Acestes.
1064 3254 1132 3311 550

138 3324 311 3394 Quassatam
325 3323 419 3381 ventis
434 3323 518 3381 liccat
532 3324 692 3381 subducere
706 3321 840 3395 classem,

137 3403 179 3460 Et
192 3404 272 3461 silvis
286 3411 382 3478 aptare
396 3403 500 3475 trabes,
516 3410 545 3459 et
558 3403 695 3475 stringere
710 3417 822 3471 rernos3

139 3483 170 3541 si
184 3483 268 3541 datur
283 3482 405 3555 Italiam,
420 3481 506 3539 sociis
520 3490 549 3537 et
563 3498 629 3551 rege
644 3485 768 3551 recepto,

136 3561 282 3635 Tendere,
297 3570 330 3618 ut
344 3561 456 3619 ltaliam
470 3558 528 3616 lrcti
544 3556 717 3627 Latiumque
731 3564 879 3631 petamus;

139 3640 191 3698 Sin
206 3641 358 3715 absumpto
371 3640 456 3712 salus,
470 3644 498 3693 ct
512 3643 549 3707 tc,
564 3640 644 3709 puter
658 3632 767 3707 optime
781 3634 940 3711 Teucrum,
1065 3644 1133 3705 655
1174 3664 1178 3671 ·

137 3718 250 3777 Pontus
263 3718 352 3776 habet
365 3716 477 3791 Libym,
492 3732 545 3769 ucc
560 3730 625 3787 spes
635 3712 697 3787 jum
713 3720 800 3771 restat
813 3712 880 3791 Iiili,

140 3798 179 3856 nt
191 3797 263 3857 freta
278 3795 401 3855 Sicaniae
415 3792 528 3865 soltcm,
544 3790 686 3867 sedesque
698 3798 821 3869 perstas,
