2400 4178
411 214 414 221 ·
509 191 624 247 mana
643 193 724 254 vm..

125 338 254 416 Adspice
268 338 318 416 qui
331 341 436 397 coeant
443 340 557 417 populi,
569 360 638 417 quae
653 342 761 401 moenia
773 342 880 407 clausis

123 416 247 475 Ferrum
262 421 367 476 acuant
379 417 467 493 portis
480 418 511 474 in
525 439 574 476 me
588 418 793 498 excidiumque
808 440 949 481 meorum

165 496 305 569 Dixerat;
328 504 358 554 et
370 496 463 575 niveis
477 496 546 572 bine
562 505 648 574 atque
661 499 730 557 hinc
744 500 811 558 diva
822 500 938 560 lacertis
1050 535 1053 539 ·
1153 508 1154 512 ’

122 573 319 636 ‚Cunctantem
333 573 468 651 amplexu
484 576 564 633 molli
577 577 674 635 fovet:
694 577 746 635 ille
760 577 878 654 repente

125 653 249 729 Accepit
262 653 375 711 solitam
387 652 544 729 flammam,
559 664 702 731 notusque
715 656 857 715 medullas

72 755 75 762 ¹
107 729 247 789 'Intravit
260 731 345 808 calor,
361 739 391 790 et
403 729 544 790 labefacta
556 752 608 809 per
620 753 686 792 ossa
699 735 843 793 cucurrit:
1049 741 1108 796 390

124 807 194 867 Non
209 807 292 868 secas
307 819 392 887 atque
406 810 475 868 olim
489 811 595 869 tonitru
610 832 700 888 quum
713 821 796 890 rupta
808 832 927 873 corusco

125 887 215 966 Ignea
228 889 300 946 rima
313 890 425 947 micans
436 889 576 964 percurrit
588 888 697 948 lumine
711 891 834 950 nimbos.

126 967 227 1025 Sensit
239 967 305 1025 laeta
318 967 392 1024 dolis
402 966 545 1023 -etformae
560 968 675 1025 conscia
688 971 804 1047 conjux»

124 1045 201 1103 Tum
215 1053 296 1121 pater
309 1052 417 1102 aeterno
431 1044 504 1102 fatur
518 1045 668 1104 deuinctus
682 1065 797 1120 amore3
848 1098 852 1112 ,

125 1123 206 1193 Quid
220 1140 322 1180 causas
335 1123 411 1200 petis
425 1141 463 1180 ex
477 1123 556 1182 alto?
577 1123 684 1183 fiducia
697 1125 784 1183 cessit

125 1199 193 1272 Quo
210 1199 272 1276 tibi,
288 1200 365 1275 diva,
379 1200 460 1258 mei?
482 1201 583 1259 similis
597 1203 622 1260 si
635 1222 705 1262 cura
717 1203 827 1281 fuisset,
989 1269 992 1273 ,

124 1279 202 1337 Tum
217 1297 331 1357 quoque
345 1278 387 1337 fas
400 1278 484 1337 nobis
498 1279 627 1348 Teucros
641 1301 749 1340 armare
762 1282 882 1357 fuisset;
927 1337 929 1345 .

122 1358 154 1416 N
156 1378 189 1417 ec
202 1367 284 1436 pater
297 1358 478 1434 omnipotens
492 1358 611 1436 Trojam
625 1378 680 1417 nec
693 1360 752 1418 fata
764 1359 900 1419 vetabant
923 1427 925 1429 g

125 1438 216 1512 Stare,
231 1438 393 1514 decemque
408 1436 478 1495 alios
492 1437 641 1507 Priamum
655 1457 807 1516 superesse
820 1458 873 1517 per
886 1456 986 1498 annos.

124 1516 164 1573 Et
177 1535 265 1591 nunc,
279 1515 305 1573 si
317 1514 425 1587 bellare
438 1535 531 1592 paras,
547 1524 632 1594 atque
645 1517 710 1575 brec
723 1517 775 1578 tibi
789 1537 871 1576 mens
885 1525 938 1594 est,
1047 1522 1106 1579 400

124 1595 274 1671 Quidquid
287 1595 318 1651 in
332 1601 391 1652 arte
405 1595 471 1651 med
484 1614 604 1671 possum
617 1596 782 1673 promittere
796 1616 883 1673 curae,

124 1673 212 1743 Quod
226 1672 289 1730 fieri
302 1671 375 1729 ferro
389 1672 537 1749 liquidove
549 1681 645 1751 potest
658 1675 776 1751 electro,
907 1687 908 1690 ’

124 1748 274 1822 Quantdm
288 1750 370 1826 ignes
385 1751 547 1826 animaeque
560 1751 677 1826 valent;
699 1753 805 1813 absiste
818 1753 962 1830 precando

122 1829 242 1891 Viribus
255 1827 417 1887 indubitare
431 1829 496 1887 tuis.
538 1830 586 1887 Ea
598 1830 687 1888 verba
699 1831 821 1907 locutus,
834 1889 845 1905 ..

124 1908 244 1984 Optatos
258 1908 338 1965 dedit
352 1907 511 1985 amplexus,
525 1907 728 1986 placidumque
741 1909 845 1987 petirit
993 1968 995 1971 ,
1047 1913 1106 1969 405

123 1987 270 2066 Οοιῄυςὶε,
279 1985 390 2044 infusus
404 1987 513 2062 gremio
526 2005 579 2064 per
592 1987 721 2046 membra
733 2003 875 2066 soporem.

163 2067 237 2124 lnde
250 2065 301 2124 ubi
313 2064 512 2142 prima‘quies,
525 2066 623 2124 medio
633 2069 696 2145 ja'm
710 2068 803 2126 noctis
818 2067 926 2127 abactae

79 2153 81 2156 ’
122 2145 284 2221 Curriculo,
299 2144 451 2221 expulerat
464 2140 616 2218 somnnm3
638 2164 726 2223 quum
740 2145 859 2218 foemina
871 2143 1007 2226 primdm,

121 2223 180 2281 Cui
188 2224 312 2301 tolerare
326 2223 389 2282 cola
403 2223 643 2301 vitantenuique
657 2224 792 2283 Minervia
845 2259 850 2265 -
975 2250 979 2258 ·

73 2312 76 2317 ⁴
122 2301 304 2378 Impositum,
319 2302 446 2361 cinerem
461 2311 490 2360 et
503 2303 858 2380 sopitos'suscitatignes,¹
959 2377 962 2381 ι
1046 2308 1106 2364 410

122 2380 248 2438 Noctem
262 2380 372 2452 addens
385 2381 475 2459 operi,
489 2380 668 2458 famulusque
682 2382 717 2439 ad
731 2382 842 2442 lumina
854 2381 941 2458 longo

122 2458 252 2514 Exercet
264 2476 365 2533 penso,
380 2466 491 2516 castum
504 2467 538 2517 nt
550 2477 664 2518 servare
677 2459 773 2518 cubile

123 2535 274 2613 Conjugis,
289 2543 318 2592 et
330 2535 421 2610 possit
433 2554 535 2611 parvos
550 2537 674 2594 educere
688 2533 789 2596 natos:

123 2613 212 2671 Haud
226 2610 311 2671 sectis
324 2612 498 2690 ignipotens,
513 2632 567 2679 nec
582 2623 710 2690 tempore
725 2612 842 2693 segnior
853 2615 914 2691 illo,

122 2690 264 2750 Mollibus
276 2710 295 2748 e
309 2690 403 2749 stratis
417 2709 504 2768 opera
517 2691 553 2748 ad
566 2690 679 2749 fabrilia
692 2693 790 2768 surgit
1044 2696 1106 2752 '415

123 2770 222 2829 Insula
236 2769 384 2828 Sicanium
394 2772 479 2848 juxta
491 2769 565 2839 latus
579 2768 763 2847 AEoliamque
813 2792 822 2800 ”
1109 2809 1114 2816 -

122 2850 252 2926 Erigitur
264 2848 402 2925 Liparen,
415 2848 591 2907 fumantibus
602 2848 690 2907 ardua
703 2849 800 2922 sarrin

123 2930 219 3000 Quam
235 2927 333 2988 subter
346 2946 449 3004 specus
464 2935 494 2985 et
506 2926 670 3004 Cyclopum
685 2946 773 2986 exesa
786 2925 907 2986 caminis

122 3011 214 3067 Antra
227 3007 344 3066 AEtnoea
356 3013 466 3081 tonant,
480 3005 626 3084 validique
639 3005 795 3065 incudibus
808 3005 882 3064 ictus

122 3088 223 3146 Auditi
236 3086 363 3145 referunt
376 3084 525 3163 gemitum,
540 3086 719 3162 striduntque
733 3084 863 3168 cavernis
1047 3089 1106 3144 420

124 3167 270 3230 Stricturae
285 3164 451 3241 chalybum,
466 3172 496 3223 et
508 3163 672 3222 fornacibus
686 3165 760 3240 ignis
775 3161 910 3222 anhelatr

123 3243 250 3301 Vulcani
263 3244 376 3319 domus,
391 3252 421 3302 et
434 3243 580 3302 Vulcania
592 3243 709 3301 nomine
723 3243 817 3302 tellus.

124 3321 192 3380 Hoc
206 3328 276 3398 tunc
289 3321 453 3398 ignipotens
466 3323 540 3381 coelo
554 3321 706 3380 descendit
719 3321 755 3380 ab
769 3321 835 3380 alto.

123 3400 246 3458 Ferrum
260 3399 435 3458 exercebant
446 3407 528 3459 vasto
542 3401 633 3478 Cyclo
655 3419 687 3458 es
700 3400 730 3458 in
746 3407 836 3475 antro,
1130 3433 1137 3449 a

123 3480 315 3553 Brontesque,
331 3478 534 3555 Steropesque,
547 3421 685 3550 etnurlus
698 3476 829 3536 membra
842 3475 1013 3554 Pyracmon
1046 3476 1105 3533 425

124 3558 181 3615 His
194 3556 377 3614 informatum
390 3556 532 3632 manibus,
544 3559 604 3635 jam
618 3565 699 3636 parte
712 3555 811 3634 polita,

124 3635 252 3695 Fulmen
266 3642 335 3710 erat,
350 3643 410 3694 toto
423 3634 536 3711 genitor
548 3654 612 3712 quae
627 3635 750 3713 plurima
763 3632 837 3692 coelo

123 3714 234 3793 Dejicit
245 3714 276 3773 in
290 3720 388 3791 terras,
402 3732 469 3791 pars
481 3713 647 3784 imperfecta
659 3712 804 3772 manebat.
821 3743 823 3746 ·
890 3779 897 3783 ,
