2400 4178
92 205 144 263 184
491 204 672 261 AEannos

90 357 234 415 Musoeum
248 364 314 415 ente
328 374 438 431 omnes,
451 356 580 415 medium
594 376 660 415 nam
674 356 799 434 plurima
811 356 894 417 turba

91 437 179 495 Hunc
193 435 289 511 habet,
304 444 388 512 atque
401 434 529 495 humeris
543 445 703 495 exstantem
717 436 836 515 suspicit
846 437 932 497 'altisz

91 515 198 591 Dicite,
212 515 311 574 salices
325 515 439 591 enimse,
453 522 551 591 tuque,
566 516 673 593 optime
687 524 786 590 vates3

92 596 167 666 Quae
182 594 260 669 regio
273 592 434 668 Anchisen,
448 595 512 670 quis
526 594 614 654 habet
627 595 733 653 locus?
753 595 830 654 illius
844 615 913 673 ergo

91 674 243 747 Venimus,
258 681 287 731 et
300 692 420 748 magnos
433 672 523 731 Erebi
536 674 711 732 tranavimus
725 694 833 733 amnes.

90 756 187 830 Atque
200 752 268 811 huic
282 771 449 828 responsum
463 752 563 829 paucis
577 753 617 811 ita
630 753 753 812 reddidit
766 754 868 813 heros:

89 832 172 891 Nulli
186 840 264 889 certo
278 832 398 903 domus,
419 832 492 889 lucis
505 831 669 891 habitamus
679 833 787 909 opacis,

89 911 290 988 Ripammque
304 920 380 969 toros
395 919 424 969 et
436 919 518 989 prata
531 913 657 970 recentia
670 911 739 970 rivis

90 990 268 1048 Incolimus:
290 990 342 1048 sed
356 1008 418 1065 vos,
433 991 457 1048 si
471 990 525 1048 lert
538 990 579 1048 ita
592 992 679 1050 corde
692 991 833 1066 voluntas,

89 1069 156 1127 Hoc
169 1078 300 1146 superate
309 1071 432 1148 jugum3
455 1077 484 1127 et
497 1069 573 1127 sacili
582 1072 644 1149 jam
658 1071 770 1129 tramite
784 1071 891 1129 sistam.

88 1148 181 1222 Dixit,
196 1157 226 1208 et
239 1146 305 1206 ante
320 1148 385 1207 tulit
398 1168 538 1224 gressum,
553 1168 728 1227 camposque
741 1150 866 1209 nitentes

89 1228 225 1304 Desuper
238 1235 380 1286 ostentet:
402 1227 509 1285 debinc
525 1247 637 1286 summa
650 1230 800 1287 cacumine
813 1229 958 1306 linquunt

128 1309 168 1365 At
181 1315 262 1384 peter
275 1306 420 1364 Anchises
433 1304 550 1384 penitius
564 1309 695 1366 convalle
709 1304 813 1366 virenti

90 1386 220 1445 Inclusas
234 1386 354 1460 animas,
369 1405 563 1462 superumque
577 1388 613 1443 sd
627 1386 724 1444 lumen
739 1388 836 1462 ituras,

89 1465 240 1524 Lustrabst
253 1465 346 1523 studio
361 1464 510 1535 recolens;
532 1482 707 1540 omnemque
721 1483 840 1523 suorum

88 1543 176 1602 Forte
192 1542 360 1602 recensebat
372 1561 535 1616 numerum,
551 1561 689 1618 carosque
703 1552 834 1620 nepotes,

89 1616 228 1699 Fataque,
242 1622 426 1696 fortunasque
440 1619 543 1696 virrim,
557 1639 719 1697 moresque,
734 1641 903 1700 manusque.

90 1703 176 1778 lsque
190 1700 241 1759 ubi
254 1701 420 1758 tendentem
435 1699 586 1758 adversum
600 1719 653 1778 por
667 1702 796 1777 gramina
809 1702 882 1761 vidit

88 1781 214 1856 AEnean,
230 1780 329 1837 alacris
342 1780 452 1856 palmas
466 1788 599 1857 utrasque
614 1781 752 1855 tetendit3

89 1860 254 1937 Eliusroque
269 1859 350 1936 genis
365 1859 518 1936 lacrymae3
540 1869 570 1918 et
582 1879 640 1918 vox
655 1861 764 1919 excidit
776 1879 845 1919 ore:

89 1940 203 1999 Venisti
217 1941 343 2015 tandem,
357 1948 464 2016 tuaque
479 1947 607 2015 spectata
619 1939 732 2016 parenti

89 2019 168 2079 Vicit
181 2021 236 2077 iter
248 2019 349 2076 durum
363 2020 474 2095 pietas!
497 2018 578 2076 datur
591 2037 641 2075 ora
653 2018 736 2092 tueri,

88 2098 119 2157 N
121 2108 175 2174 ate,
190 2108 249 2173 tus,
265 2106 294 2156 et
307 2105 388 2155 notas
403 2097 501 2154 audire
515 2106 544 2155 et
558 2097 677 2154 reddere
690 2114 778 2154 voces
790 2100 796 2152 !
909 2094 912 2099 ’

90 2176 138 2235 Sic
152 2177 286 2254 equidem
300 2174 440 2233 ducebam
455 2176 550 2233 animo
565 2174 704 2251 rebarque
718 2175 853 2250 futurum,

88 2256 233 2333 Tempora
245 2254 449 2325 dinumerans;
471 2273 525 2311 nec
539 2271 586 2311 me
601 2273 665 2311 mea
679 2273 747 2311 cura
759 2254 869 2313 fefellit.
920 2263 926 2276 ⁶
964 2276 968 2283 ·

90 2336 170 2404 Quas
184 2354 237 2410 ego
251 2342 279 2391 te
293 2341 380 2391 terras
395 2343 424 2391 et
437 2341 543 2409 quanta
556 2351 608 2410 per
622 2351 737 2409 aequora
750 2341 866 2392 vectum

88 2415 225 2490 Accipio!
246 2413 359 2489 quantis
369 2414 518 2490 jactatum,
532 2419 609 2487 nate,
623 2412 754 2489 periclis!

89 2490 185 2563 Qudm
200 2492 289 2550 metui
302 2511 339 2549 ne
353 2491 422 2567 quid
436 2492 537 2569 Libyae
552 2491 603 2549 tibi
617 2511 705 2568 regna
718 2494 876 2550 nocerent!

90 2572 143 2630 Ille
158 2582 270 2631 autem:
292 2571 358 2629 Tua
371 2590 428 2647 me,
444 2572 564 2648 genitor,
578 2579 628 2629 tua
640 2571 727 2630 tristis
741 2570 845 2646 imago,

90 2651 203 2730 Saepiirs
217 2669 379 2725 occurrens,
393 2651 458 2709 baec
471 2651 572 2709 limina
585 2652 704 2709 tendere
719 2649 822 2726 adegit.
855 2704 866 2719 ,

91 2732 173 2790 Stant
186 2733 246 2789 sale
260 2730 412 2808 Tyrrheno
423 2731 537 2789 classes.
580 2731 628 2787 Da
639 2733 762 2808 jungere
778 2729 917 2805 dextram,

90 2811 146 2886 Da,
160 2811 290 2887 genitor;
311 2819 398 2886 teque
412 2811 547 2886 amplexu
561 2828 598 2866 ne
613 2809 746 2866 subtrahe
760 2815 867 2866 nostro.

91 2890 140 2947 Sic
154 2908 325 2962 memorans,
339 2889 417 2963 largo
431 2889 501 2947 fletu
516 2888 599 2945 simul
615 2906 665 2944 ora
678 2886 795 2961 rigabat.

90 2969 149 3025 Ter
163 2975 283 3024 conatus
296 2967 337 3023 ibi
352 2966 427 3023 collo
442 2967 509 3024 dare
523 2965 640 3024 brachia
654 2962 762 3023 circum
774 2985 782 3037 ;

90 3047 149 3103 Ter
162 3045 264 3103 frustra
276 3063 445 3119 comprensa
458 3063 559 3102 manns
574 3043 674 3120 effugit
690 3044 795 3120 imago,

89 3125 146 3182 Par
159 3123 270 3181 levibus
283 3123 387 3195 ventis,
401 3122 568 3199 volucrique
583 3122 729 3180 simillima
742 3142 856 3181 somno.

130 3202 245 3261 Interea
257 3202 337 3260 videt
349 3201 460 3259 AEneas
474 3202 504 3258 in
518 3202 593 3260 valle
607 3203 726 3259 reducta

93 3282 243 3341 Seclusum
257 3299 370 3355 nemus,
386 3288 415 3339 et
428 3281 550 3357 virgulta
564 3281 693 3339 sonantia
708 3280 797 3357 silvis,

91 3362 313 3436 Lethaeumque,
329 3360 429 3417 domos
442 3361 568 3437 placidas
583 3360 631 3436 qui
644 3368 793 3437 praenatat,
809 3376 934 3418 amnem.

92 3442 180 3499 Hunc
195 3442 301 3499 circum
316 3440 474 3497 innumere
488 3448 589 3517 gentes
602 3440 760 3517 populique
773 3439 929 3498 volabant:

91 3523 137 3579 Ac
150 3520 242 3578 veluti
255 3519 284 3576 in
298 3520 395 3596 pratis,
410 3518 461 3576 ubi
476 3538 543 3596 apes
558 3527 656 3577 aestate
670 3519 772 3577 sereni

92 3599 225 3657 Floribus
239 3599 368 3658 insidunt
380 3599 475 3674 variis,
491 3606 520 3656 et
534 3599 655 3656 candida
668 3599 778 3657 circum

93 3677 167 3735 Lilia
180 3677 356 3751 funduntur;
378 3678 478 3754 strepit
491 3677 585 3734 omnis
600 3697 745 3736 murmure
759 3694 888 3754 campus.

93 3756 242 3816 Horrescit
255 3756 317 3815 visu
333 3756 438 3834 subito,
453 3776 612 3834 causasque
626 3757 746 3835 requirit
