2400 4178
439 219 634 289 matam

53 369 245 450 Testaturque
259 369 329 432 deos
341 368 445 430 iterum
459 389 491 429 se
504 371 540 430 ad
553 370 654 449 proelia
665 370 740 465 cogi,

52 449 128 509 Bis
115 470 176 530 Jam
191 449 277 510 Italos
290 448 400 525 hostes,
410 449 473 508 haec
487 449 576 510 altera
587 449 694 509 loedera
706 450 808 529 rumpi.

53 528 192 588 Exoritur
204 528 351 606 trepidos
342 537 417 588 mter
429 527 610 590 discordia
583 547 681 588 aives:

53 607 165 667 Urbem
180 608 228 666 alii
241 625 366 665 reserare
375 607 489 686 jubent,
504 615 533 668 et
544 608 670 702 pandere
683 615 778 686 portas

53 686 259 762 Dardanidis,
250 704 401 763 ipsumque
415 686 550 746 trahunt'
542 705 571 744 1n
586 688 691 746 moenia
703 705 819 766 regem3

53 767 142 823 Arma
154 765 249 823 serunt
262 764 319 840 alii,
334 773 364 824 et
375 774 503 859 pergunt·
511 765 664 824 defendere
678 785 783 827 muros.

54 844 182 903 Inclusas
195 852 228 902 ut
240 863 328 921 quum
340 843 503 902 latebroso
495 864 524 902 ιιι
538 845 652 920 pumice
665 856 761 923 pastor

53 923 215 999 Vestigavit
229 940 307 1000 apes,
320 921 456 999 fumoque
469 923 600 999 implevit
613 943 726 998 amar03

55 1003 137 1060 lllae'
130 1011 205 1061 mtus
218 1001 336 1079 trepidae
350 1020 444 1060 rerum
456 1020 509 1079 per
521 1019 605 1059 cerea
618 1011 707 1061 castra

54 1082 232 1156 Discurrunt,
247 1078 421 1173 magnisque
430 1087 535 1139 acuunt
548 1081 736 1140 stridoribus
728 1101 801 1140 rras:

53 1160 188 1218 Volvitur
201 1169 261 1218 ater
274 1160 343 1217 odor
356 1159 447 1235 tectis,
462 1169 521 1219 tum
536 1179 680 1218 murmure
695 1180 773 1219 caeco

55 1238 103 1297 lnt
92 1248 136 1297 tus
150 1258 218 1296 saxa
231 1246 351 1310 sonant;
371 1258 477 1297 vacuas
489 1239 512 1297 it
524 1238 618 1296 sumus
632 1240 667 1297 ad
682 1259 771 1298 auras.

95 1318 212 1376 Accidit
225 1317 287 1375 haec
300 1316 382 1376 sessis
397 1318 482 1376 etiam
496 1317 609 1375 fortuna
621 1318 740 1395 Latinis,

56 1397 129 1468 Quae
143 1405 231 1454 totam
244 1397 322 1454 luctu
336 1398 480 1455 concussit
492 1396 618 1455 funditus
631 1397 741 1454 urbem.

55 1472 170 1551 Regina
184 1485 215 1533 ut
228 1475 309 1533 tectis
323 1476 486 1534 venientem
500 1475 636 1552 prospicit
648 1477 780 1552 hostem„

56 1554 166 1612 lacessi
181 1574 284 1629 muros,
298 1554 379 1631 ignes
394 1555 428 1612 ad
443 1563 519 1613 tecta
531 1554 646 1629 volare3

55 1633 206 1710 Nusquam
221 1635 295 1691 acies
310 1632 408 1693 contra
421 1634 552 1709 Rutulas,
566 1633 645 1692 nulla
659 1635 772 1710 agmina
785 1631 895 1692 Turni:

56 1712 162 1770 Infelix
174 1731 278 1790 pugnae
290 1715 427 1791 juvenem
441 1712 470 1770 in
485 1713 639 1771 certamine
653 1713 742 1772 credit

56 1792 259 1864 Exstinctum3
282 1800 319 1866 et,
334 1791 410 1849 subit
399 1800 428 1849 to
442 1800 568 1849 mentem
582 1792 693 1850 turbata
706 1792 813 1866 dolore,

55 1871 96 1929 Se
110 1889 223 1928 causam
238 1835 341 1928 clamat
354 1871 518 1946 crimenque
532 1875 673 1949 caputque
687 1871 845 1943 malorum;

56 1949 207 2026 Multaque
221 1967 272 2026 per
285 1956 416 2008 moestum
430 1950 549 2007 demens
564 1948 649 2007 effata
661 1949 794 2025 furorem,

56 2029 218 2106 Purpureos
232 2028 366 2086 moritura
379 2047 464 2085 manu
479 2028 613 2087 discindit
627 2029 755 2105 amictus,

55 2108 97 2166 Et
110 2108 217 2165 nodum
231 2107 357 2165 informis
370 2107 420 2166 leti
433 2107 512 2165 trabe
526 2107 614 2166 nectit
627 2107 662 2166 ab
676 2109 741 2166 alta.

57 2187 153 2258 Quam
167 2186 277 2244 cladem
293 2186 402 2244 miserae
415 2194 566 2279 postquam
580 2184 718 2264 accepire
732 2187 852 2267 Latina,

56 2267 132 2324 Filia
145 2266 237 2343 prima
250 2284 337 2323 manu
349 2265 438 2324 flavos
452 2265 573 2324 Lavinia
586 2267 678 2325 crines

56 2345 97 2403 Et
111 2364 205 2403 roseas
219 2343 323 2402 laniata
336 2364 442 2421 genas3
463 2353 524 2402 tum
540 2353 643 2403 caetera
656 2343 763 2404 circdm

57 2424 156 2482 Turba
169 2423 252 2480 furit:
275 2433 408 2482 resonant
421 2421 475 2482 lat
449 2432 477 2482 te
491 2424 673 2501 plangoribus
688 2426 773 2482 aedes.
864 2438 868 2444 '

57 2505 135 2562 Hinc
150 2510 238 2560 totam
252 2501 353 2559 infelix
366 2503 499 2578 vulgatur
512 2503 588 2560 sama
599 2523 651 2580 per
664 2503 774 2561 urbem.

57 2582 221 2642 Demittunt
233 2589 363 2638 mentes:
384 2581 407 2639 it
419 2581 507 2638 scissi
520 2591 600 2639 veste
614 2582 744 2656 Latinus,

59 2662 199 2739 Conjugis
214 2659 349 2717 attonitus
362 2658 426 2717 fatis
439 2659 572 2735 urbisque
587 2660 678 2736 ruini,

57 2741 202 2799 Canitiem
216 2737 365 2796 immundo
377 2738 521 2831 perfusam
535 2738 652 2816 pulvere
661 2747 800 2835 turpans;

61 2818 230 2896 [Multaque
242 2838 273 2876 se
286 2818 399 2876 incusat
412 2817 460 2899 qui
473 2836 531 2875 ιιοιι
545 2818 687 2895 acceperit
700 2816 766 2877 ante

57 2899 236 2958 Dardanium
250 2897 376 2973 AEnean,
391 2915 585 2990 generumque
599 2896 750 2957 adsciverit
761 2896 859 2976 ultro]

98 2978 211 3036 Interea
225 2984 354 3036 extremo
366 2975 530 3036 bellatoria
544 2994 657 3070 aequqre
671 2976 787 3035 Turnus

57 3057 192 3118 Palantes
200 3056 333 3150 sequitur
344 3075 460 3152 paucos,
471 3057 532 3134 jam
546 3056 667 3139 segnior,
682 3063 766 3134 atque

56 3138 75 3195 J
77 3157 122 3195 am
136 3132 231 3194 minus
245 3143 328 3212 atque
343 3132 438 3194 minus
451 3153 587 3193 successu
600 3129 682 3195 laelus
696 3153 841 3214 equorum.

57 3220 84 3275 A
87 3215 164 3274 ttulit
176 3215 254 3273 hunc
267 3214 310 3272 illi
323 3215 407 3274 cecis
420 3213 574 3274 terroribus
588 3233 656 3273 aura

56 3287 256 3354 Commixtum
270 3293 422 3353 clamorem
424 3301 624 3372 ,arrectasque
637 3293 749 3372 impulit
762 3313 843 3354 aures

57 3373 196 3432 Confusae
211 3391 298 3431 sonus
310 3371 399 3449 urbis,
413 3380 443 3432 et
454 3373 599 3432 illaetabile
613 3392 748 3432 murmur.
924 3373 927 3378 ’

60 3453 120 3512 Hei
134 3452 222 3510 mihi!
244 3451 313 3528 quid
326 3458 404 3509 tanto
418 3439 566 3511 turbantur
578 3453 684 3510 moenia
697 3451 803 3510 luctu?

60 3533 172 3603 Quisve
186 3530 241 3588 ruit
254 3538 349 3589 tantus
362 3530 474 3587 diversi
487 3531 593 3590 clamor
606 3530 641 3590 ab
654 3530 747 3588 urbe?

60 3612 110 3671 Sic
126 3611 172 3684 nit,
188 3609 375 3686 adductisque
389 3627 487 3666 amens
501 3609 627 3668 subsistit
639 3608 767 3682 habenis.

61 3695 158 3766 Atque
171 3689 248 3763 huic,
262 3689 292 3745 in
306 3687 409 3746 faciem
424 3706 502 3744 soror
514 3697 546 3747 ut
559 3692 696 3747 conversa
709 3686 827 3745 Metisci
923 3698 925 3702 ‘

61 3769 179 3846 Aurigae
191 3785 363 3843 currumque
377 3774 407 3825 et
420 3784 508 3843 equos
522 3775 551 3826 et
563 3767 623 3826 lora
636 3766 760 3843 regebat,
