2400 4178
497 225 653 291 ECLOGA
669 232 722 290 m.

108 381 322 458 castaneasque
335 398 436 456 nuces,
450 399 517 438 mea
530 399 601 456 quas
614 380 771 458 Amaryllis
785 379 919 442 amabat:

105 460 221 518 Addam
235 477 318 517 cerea
331 478 441 536 pruna3
462 458 556 516 honos
569 458 624 515 erit
636 458 705 537 lnuic
719 478 834 537 quoque
847 479 953 539 pomo:

107 537 149 596 Et
161 557 223 614 vos,
237 555 255 596 o
268 537 351 613 lauri,
365 556 489 613 carpam,
504 545 534 595 et
546 546 588 612 te,
598 537 730 613 proxima
743 546 855 614 myrte;

110 615 158 674 Sic
171 614 273 695 positae
286 616 422 693 quoniam
435 634 539 673 suaves
552 615 679 674 miscetis
692 615 805 675 odores.
1051 623 1090 677 55

145 694 286 753 Rusticus
299 713 341 770 es,
356 692 505 770 Corydon,
518 712 574 752 nec
587 712 708 751 munera
721 701 801 753 curat
813 695 937 770 Alexis3
1153 693 1156 696 ’

106 771 138 831 N
139 792 184 850 ec,
199 773 224 832 si
236 772 403 831 muneribus
417 779 519 847 certes,
534 773 674 830 concedat
688 772 774 830 Iolas.

105 852 196 911 Heu!
217 849 295 909 heu!
317 851 386 927 quid
399 850 478 908 volui
492 851 597 908 misero
611 850 706 908 mihi?
725 850 843 910 floribus
857 852 1007 928 Austrum,

106 929 250 1005 Perditus,
265 936 295 987 et
306 929 423 1008 liquidis
437 929 544 986 immisi
557 928 683 987 fontibus
697 947 788 1006 apros.

108 1009 205 1080 Quem
218 1007 316 1084 fugis?
338 1008 375 1066 ah
389 1009 527 1065 demens!
548 1007 715 1065 habitirunt
728 1007 757 1065 di
773 1027 888 1100 quoque
902 1007 997 1086 silvas,
1052 1015 1092 1068 60

107 1087 327 1164 Dardaniusque
340 1086 431 1144 Paris.
471 1084 578 1161 Pallas,
593 1105 663 1162 quas
677 1087 815 1162 condidrt,
830 1106 910 1146 arces

108 1166 176 1242 ipsa
189 1165 282 1224 colat:
304 1165 387 1223 nobis
401 1165 535 1240 placeant
548 1172 614 1222 ante
628 1164 726 1222 omnia
738 1164 827 1223 silvae.

101 1245 205 1305 .Torva
216 1244 311 1302 leaena
325 1243 426 1320 lupum
440 1242 585 1318 sequitur;
608 1243 693 1319 lupus
706 1243 769 1320 ipse
782 1242 942 1321 capellam,

108 1323 275 1381 Florentem
288 1322 412 1398 cytisum
425 1320 553 1397 sequitur
565 1320 673 1378 lasciva
685 1321 815 1398 capella,
862 1316 865 1321 ’

110 1402 154 1459 Te
168 1400 316 1478 Corydon,
331 1421 348 1458 o
362 1400 469 1458 Alexi:
490 1399 577 1457 trahit
591 1417 643 1456 sua
656 1418 799 1476 quemque
812 1400 955 1478 voluptas.
1012 1464 1017 1470 ,
1052 1408 1092 1461 65

110 1480 248 1556 Adspice,
263 1487 354 1538 aratra
363 1480 435 1558 jugo
449 1477 576 1535 refemnt
589 1497 729 1555 suspensa
744 1480 875 1614 y'pvenci,

109 1559 151 1616 Et
164 1558 206 1616 sol
221 1567 384 1617 crescentes
398 1557 544 1615 decedens
558 1557 747 1634 duplicatum
768 1577 832 1631 ras;
911 1583 914 1586 ⁴

111 1637 163 1694 Me
176 1644 273 1695 tamen
287 1638 344 1695 urit
357 1656 454 1705 amor:
477 1635 541 1711 quis
555 1637 634 1693 enim
648 1636 750 1695 modus
765 1637 839 1694 adsit
852 1635 964 1694 amorii

149 1715 217 1773 Ah!
240 1716 387 1791 Corydon,
403 1714 549 1788 Corydon,
563 1734 627 1790 quae
642 1723 671 1772 te
686 1715 832 1774 dementia
845 1714 940 1791 oepit!

113 1793 290 1872 Semiputata
303 1793 355 1852 11111
368 1792 503 1850 frondosa
516 1791 582 1850 vitis
596 1793 627 1849 in
641 1792 719 1850 ulmo
734 1801 795 1851 est:
1052 1798 1093 1853 70

99 1871 191 1942 ‘Quin
205 1881 237 1931 tu
251 1873 359 1949 aliquid
373 1871 474 1930 saltem
487 1867 593 1947 potius,
609 1865 729 1948 quorum
742 1871 854 1947 indiget
866 1891 944 1947 usus,

110 1949 277 2010 Viminibus
290 1951 429 2026 mollique
441 1968 524 2026 paras
539 1949 676 2007 detexere
685 1952 798 2028 junco?

111 2027 247 2089 Invenies
262 2030 359 2106 alium,
374 2029 441 2087 site
456 2028 505 2086 hic
519 2027 636 2103 fastidit,
650 2028 767 2086 Alexin.

504 2233 703 2242 ——-—-—

424 2341 673 2416 ECLOGA
696 2341 782 2416 ΙΙΙ.

325 2607 506 2663 MENALCAS,
522 2606 699 2664 DAMOETAS,
713 2607 888 2654 PALAEMON.

409 2749 413 2758 .
519 2720 688 2759 mnuaucas.

112 2784 171 2841 Dro
185 2782 267 2858 mihi,
282 2782 426 2857 Damoeta,
441 2781 539 2858 cujum
552 2782 664 2857 pecus?
686 2799 723 2837 an
737 2779 895 2839 Meliboei?

115 2980 195 3056 Non,
210 2977 311 3040 veriam
325 2979 449 3055 AEgonis
463 2999 470 3035 :
492 2917 799 3056 nuiidddliistradidit
811 2975 919 3052 AEgon.

519 3115 688 3153 mammeae.

93 3188 100 3193 “
114 3177 221 3235 Infelix
234 3197 251 3234 o
265 3195 389 3253 semper,
403 3194 482 3251 oves,
497 3178 605 3252 pecus!
627 3175 689 3251 ipse
703 3173 839 3233 Neaeram

113 3257 193 3314 Dum
206 3256 293 3329 fovet,
309 3274 352 3330 ac,
366 3274 405 3312 ne
418 3274 465 3313 me
480 3254 534 3312 sibi
547 3252 679 3331 praeferat
691 3253 750 3327 illa,
764 3259 888 3327 veretur,

114 3335 173 3393 Hic
187 3334 298 3392 alienus
312 3353 381 3392 oves
395 3342 491 3392 custos
504 3332 549 3390 bis
564 3332 673 3406 mulget
685 3331 716 3389 in
729 3331 820 3389 hori:

114 3413 155 3471 Et
169 3432 271 3471 succus
284 3412 392 3490 pecori,
407 3420 436 3471 et
448 3412 494 3470 lac
508 3410 676 3469 subducitur
690 3410 780 3486 agnis.

530 3547 692 3586 DAMOETAS.

115 3586 236 3669 Parcids
249 3609 304 3667 ista
315 3609 384 3668 viris
398 3616 496 3667 tamen
511 3607 675 3687 objicienda
688 3614 844 3664 memento.

116 3688 261 3748 Novimus
277 3695 307 3746 et
320 3687 369 3762 qui
382 3693 431 3744 te.
444 3728 451 3743 .
464 3727 471 3742 .
482 3694 643 3744 transversa
657 3683 803 3742 tuentibus
816 3682 917 3759 hircis,

116 3767 158 3830 Et
171 3786 238 3844 quo,
254 3766 305 3824 sed
318 3763 418 3824 faciles
431 3764 463 3825 N
463 3764 579 3844 ymphae
592 3759 692 3839 risere,
706 3761 825 3822 sacello.
