2400 4178
111 174 165 229 no
513 172 698 249 nuarnos

458 480 739 557 AENEIDOS

429 716 560 776 LIBER
580 713 776 775 TERTIUS.
841 716 845 725 '

106 873 277 935 Posroussr
291 892 336 931 res
349 872 428 931 Asiae
442 872 610 951 Priamique
624 882 751 932 evertere
765 880 883 948 gentem

110 952 288 1009 immeritam
303 954 397 1010 visum
412 952 534 1030 superis,
548 953 711 1029 ceciditque
724 970 758 1009 su
780 949 882 1009 erbum

110 1030 206 1105 ilium,
221 1040 251 1089 et
263 1031 356 1089 omnis
371 1030 460 1089 humo
474 1031 566 1089 sumat
579 1031 731 1108 Neptunia
772 1032 842 1108 roja‚

109 1108 233 1166 Diversa
247 1109 349 1167 exsilia
362 1118 392 1168 et
405 1110 531 1167 desertas
545 1129 674 1184 quaerere
688 1118 776 1167 terras

109 1187 246 1263 Auguriis
261 1187 373 1262 agimur
387 1188 506 1259 divirm;
528 1188 709 1264 classemque
723 1185 777 1245 snb
791 1186 801 1243 i
822 1186 856 1245 at
1084 1198 1104 1251 5

108 1266 257 1323 Antandro
272 1276 301 1325 ct
315 1265 449 1342 Phrygiae
464 1265 600 1323 molimur
614 1265 759 1324 montibus
774 1264 787 1321 1
809 1283 845 1339 ae,

110 1344 216 1402 incerti
230 1341 287 1421 qud
301 1343 473 1419 intuterant,
488 1344 538 1401 ubi
552 1346 652 1403 sistere
666 1347 767 1415 detur;

107 1422 372 1498 Contrahimusque
387 1424 471 1482 viros.
510 1418 574 1479 vix
587 1424 681 1499 prima
695 1422 843 1498 inceperat
856 1429 953 1498 semu,

109 1500 148 1557 Et
162 1509 245 1575 pater
258 1501 403 1557 Anchises
417 1501 485 1558 dare
498 1500 563 1557 satis
577 1501 641 1557 vela
650 1499 790 1578 jubebat3

108 1579 218 1635 Littera
231 1598 321 1653 quum
335 1578 434 1653 patriae
449 1578 610 1652 lacrymans
623 1586 780 1655 portusque
794 1577 937 1655 relinquo,

108 1655 149 1714 Et
162 1674 281 1730 campos
295 1655 346 1714 ubi
360 1655 449 1733 Troja
461 1656 534 1713 suit:
556 1656 631 1715 feror
644 1657 728 1715 exsul
741 1657 772 1713 in
787 1656 878 1713 altum

108 1734 184 1791 Cum
199 1735 293 1809 sociis,
308 1743 442 1810 natoque,
456 1735 624 1810 Penatibus
639 1746 669 1794 et
683 1735 794 1810 magnis
807 1734 861 1791 dis.

147 1812 238 1870 Terra
251 1814 351 1889 procul
366 1814 453 1871 vastis
468 1814 571 1872 colitur
584 1814 728 1873 Mavortia
742 1812 863 1887 campis,

107 1889 237 1948 Thraces
252 1902 341 1968 arant,
357 1893 415 1951 acri
429 1895 573 1969 quondam
587 1902 705 1969 regnata
719 1893 871 1968 Lycurg03

107 1969 276 2046 Hospitium
291 1971 440 2063 antiquum
455 1972 561 2049 Trojre,
577 1972 706 2047 sociique
720 1971 856 2044 Penates,
1063 1980 1101 2034 15

106 2047 188 2105 Dum
202 2049 316 2107 fortuna
328 2050 391 2107 furt.
433 2049 523 2106 Feror
536 2050 603 2122 huc,
619 2058 648 2106 et
660 2050 754 2107 littore
768 2067 856 2105 curvo

106 2126 220 2184 Moenia
232 2128 325 2202 prima
337 2127 412 2201 loco,
427 2126 491 2183 fatis
505 2126 652 2200 ingressus
666 2127 790 2201 iniquis:

105 2203 313 2280 AEneadasque
327 2223 392 2261 meo
407 2222 512 2261 nomen
527 2205 564 2260 de
578 2204 695 2261 nomine
710 2205 796 2278 fingo.

147 2282 235 2339 Sacra
249 2282 379 2339 Dionaeae
395 2282 479 2338 matri
493 2282 625 2358 divisque
639 2282 766 2339 ferebam

106 2360 282 2435 Auspicibus
296 2369 455 2436 coeptorum
468 2378 605 2436 operum;
628 2379 789 2437 superoque
803 2358 947 2421 nitentem

106 2437 280 2496 Coelicohim
294 2439 356 2514 regi
369 2438 529 2501 mactabam
544 2439 574 2496 in
587 2439 681 2498 littore
695 2448 819 2497 taurum.

105 2513 193 2574 Forte
208 2515 263 2577 suit
272 2514 359 2595 juxta
373 2518 510 2593 tumulus,
525 2537 582 2595 quo
594 2537 700 2576 cornea
714 2537 827 2576 summo

106 2594 249 2671 virgulta,
264 2606 293 2655 et
306 2596 404 2654 densis
417 2596 568 2655 hastilibus
581 2597 697 2655 horrida
710 2605 829 2674 myrtus.

105 2674 244 2747 Accessi3
265 2675 445 2753 viridemque
460 2676 495 2734 ab
510 2676 599 2734 humo
613 2677 777 2736 convellere
792 2674 894 2733 silvam

105 2754 243 2829 Conams,
259 2755 344 2812 ramis
358 2764 484 2831 tegerem
499 2764 531 2813 ut
543 2755 741 2813 frondentibus
756 2772 827 2828 aras,

105 2831 292 2891 Horrendum
306 2841 335 2890 et
349 2834 427 2891 dictu
441 2834 527 2891 video
541 2832 671 2889 mirabile
686 2840 866 2890 monstrum:

104 2910 136 2970 N
138 2931 184 2968 am
198 2929 262 2987 quae
277 2912 370 2986 prima
383 2910 443 2967 solo
458 2910 548 2985 ruptis
562 2908 704 2967 radicibus
719 2909 802 2968 arbos

105 2987 239 3063 Vellitur,
254 2987 322 3045 huic
337 2996 397 3046 atro
411 2987 560 3062 iiquuntur
573 2989 712 3063 sangnine
726 2996 824 3064 guttae,

105 3065 146 3123 Et
160 3075 264 3124 terram
278 3065 345 3123 tabo
360 3065 511 3123 maculant.
554 3066 632 3124 Mihi
645 3067 765 3143 frigidus
778 3067 879 3141 horror

104 3143 241 3201 Membra
254 3144 354 3220 quatit,
369 3144 538 3220 gelidusque
554 3145 612 3202 coit
625 3145 777 3204 formidine
791 3144 918 3221 sanguis.

103 3219 216 3280 Rursus
230 3231 260 3281 et
273 3222 390 3281 alterius
403 3223 513 3280 lentum
524 3224 686 3282 convellere
700 3224 797 3282 vimen

105 3300 255 3379 Insequar,
270 3310 299 3373 et
313 3320 413 3359 causas
426 3300 542 3378 penitus
555 3311 665 3361 tentare
678 3303 819 3375 latentes;

104 3383 176 3439 Ater
189 3387 219 3440 et
232 3380 347 3440 alterins
361 3381 489 3457 sequitur
502 3382 538 3440 de
553 3383 658 3440 cortice
672 3381 796 3456 sanguis.

104 3460 200 3521 Multa
213 3479 333 3518 movens
348 3460 454 3536 auimo,
469 3459 624 3536 Nymphas
638 3460 796 3517 venerabar
809 3466 949 3538 agrestes,

104 3538 320 3617 Gradivumque
334 3547 455 3615 patrem,
470 3539 580 3597 Geticis
594 3537 643 3614 qui
656 3538 790 3614 praesidet
803 3538 887 3614 arvis,
1057 3548 1101 3607 ω

104 3615 173 3675 Rite
189 3619 380 3677 secundarent
392 3619 480 3693 visus,
494 3634 636 3692 omenque
650 3615 787 3675 levarent.
1068 3644 1071 3649 ·

105 3696 204 3755 Tertia
217 3696 269 3755 sed
281 3705 432 3775 postquam
446 3698 554 3774 majore
568 3695 682 3754 hastilia
695 3696 761 3754 nisu
