2400 4178
546 194 662 253 LIBER
681 196 703 251 1.

113 338 201 398 Unde
214 339 272 399 huc
287 343 411 418 advecti,
425 361 583 420 regemque
596 354 729 421 petamus
739 348 880 408 Acesten.
908 413 911 421 ,

112 417 234 478 Talibus
249 419 395 480 Ilioneus:
418 422 516 480 cuncti
530 424 616 482 simul
631 443 679 482 ore
693 425 855 486 fremebant
927 448 930 454 ·

112 497 297 558 Dardanidae.
717 494 728 509 “

152 575 229 635 Tum
243 576 369 636 breviter
382 580 470 654 Dido,
485 579 597 638 vultum
613 581 747 658 demissa,
762 584 905 660 profatur:

113 652 223 714 Solvite
237 658 324 716 corde
337 667 457 733 metum,
472 659 597 733 Teucri;
619 661 760 720 secludite
774 681 865 724 curas.
883 687 887 694 ·

110 732 172 792 Res
187 737 258 795 dura
271 746 301 794 et
313 737 394 814 regni
407 738 520 797 novitas
534 759 580 796 me
595 740 663 798 talia
677 749 787 817 cogunt

111 812 220 890 Moliri,
236 824 265 874 et
282 813 339 874 late
354 817 427 874 fines
442 819 563 876 custode
577 820 660 877 tueri.

112 892 186 962 Quis
200 903 292 970 genus
305 895 484 971 AEneadum,
499 896 564 971 quis
578 897 674 975 Trojae
688 899 799 956 nesciat
811 900 925 977 urbem,

110 969 309 1050 Virtutesque,
323 975 470 1049 virosque,
486 983 535 1032 aut
547 976 619 1032 tanti
633 977 768 1034 incendia
781 977 871 1036 belli?
920 1040 922 1044 ,

110 1049 141 1106 N
143 1070 180 1106 on
195 1053 299 1112 obtusa
312 1051 384 1110 adeo
400 1061 545 1128 gestamus
558 1063 676 1131 pectora
689 1054 793 1129 Poeni;
830 1093 833 1104 ι

109 1128 141 1186 N
143 1147 177 1186 ec
191 1138 249 1187 tam
264 1149 381 1189 aversus
395 1149 484 1204 equos
500 1131 589 1208 Tyrii
604 1133 646 1190 sol
655 1136 753 1210 jungit
767 1134 802 1191 ab
816 1135 897 1194 urbe.

112 1207 171 1263 Seu
185 1228 237 1265 vos
252 1208 426 1285 Hesperiam
440 1210 573 1284 magnam
590 1212 779 1288 Saturniaque
794 1233 873 1290 arva,

111 1287 179 1343 Sive
195 1287 298 1363 Erycis
313 1288 387 1345 lines
401 1307 558 1365 regemque
573 1292 676 1366 optatis
689 1292 827 1367 Acesten,

108 1366 227 1422 Auxilio
242 1374 319 1447 tutos
334 1367 487 1440 dimittam,
502 1368 664 1444 opibusque
674 1358 793 1446 juvabo.

108 1443 205 1503 Vultis
220 1454 249 1503 et
262 1444 308 1503 his
322 1465 440 1503 mecum
453 1447 559 1522 pariter
573 1447 722 1504 considere
736 1449 854 1523 regnis?

108 1524 221 1582 Urbem
236 1543 323 1599 quam
337 1532 431 1584 statuo
445 1534 541 1584 vestra
554 1535 615 1584 est:
638 1526 792 1585 subducite
806 1535 913 1586 naves:

108 1601 182 1676 Tros
197 1602 361 1694 quiusque
376 1603 448 1660 mihi
462 1605 542 1661 nullo
557 1605 723 1662 discrimine
739 1615 847 1687 agetur.

108 1684 205 1756 Atque
219 1690 329 1738 utinam
343 1701 395 1738 rex
408 1681 470 1757 ipse
484 1683 564 1740 Noto
579 1684 744 1760 compulsus
758 1686 863 1743 eodem
951 1754 952 1758 ἵ

107 1760 221 1816 Afforet
234 1758 361 1817 AEneas'!
385 1760 531 1835 Equidem
544 1779 597 1836 per
609 1761 704 1818 littora
717 1771 810 1820 certos

107 1838 271 1911 Dimittam,
286 1848 315 1896 et
329 1837 433 1913 Libyaea
444 1838 563 1896 lustrare
577 1846 707 1895 extrema
716 1839 839 1916 jubebo,

110 1916 141 1974 Si
155 1916 259 1992 quibus
273 1918 382 1993 ejectus
397 1916 477 1974 silvis
492 1924 540 1974 aut
553 1916 671 1974 urbibus
685 1925 766 1975 errat.

147 1995 204 2052 His
219 1996 346 2052 animum
361 1996 462 2053 arrecti
473 1995 566 2070 dictis,
582 2003 612 2053 et
624 1995 704 2052 sortis
717 1996 849 2054 Achates

107 2074 149 2131 Et
161 2083 242 2150 pater
255 2065 367 2132 AEneas
376 2075 549 2153 jamdudum
560 2093 710 2150 erumpere
726 2074 842 2132 nubem·
947 2145 950 2150 Ι

106 2154 264 2212 Ardebant.
306 2154 389 2211 Prior
402 2153 519 2211 AEnean
534 2152 692 2229 compellat
706 2153 853 2211 Achates:

106 2231 184 2289 Nate
199 2234 264 2308 deri,
279 2251 344 2307 quae
358 2250 437 2289 nunc
452 2232 549 2289 animo
564 2232 707 2290 sententia
720 2232 831 2307 surgit?

108 2309 215 2368 Omnia
228 2318 290 2386 tuta
303 2311 394 2386 vides,
410 2310 542 2385 classem,
557 2309 709 2386 sociosque
724 2318 865 2386 receptos.

106 2386 193 2446 Unus
200 2388 299 2463 abest,
314 2390 411 2446 medio
424 2389 456 2445 in
469 2388 560 2446 fluctu
574 2406 662 2463 quem
675 2387 802 2445 vidimus
815 2389 873 2465 ipsi

109 2465 316 2522 Submersum:
339 2467 425 2524 dietis
440 2467 616 2542 respondent
629 2474 734 2522 caetera
747 2467 856 2523 matris.

107 2543 168 2600 Vix
183 2562 218 2608 ea
231 2542 306 2599 satus
321 2552 390 2617 erat,
406 2562 493 2616 quum
509 2543 682 2601 circumfusa
696 2540 818 2618 repente

109 2621 222 2678 Scindit
236 2639 271 2689 se·
280 2619 384 2693 nubes,
398 2628 428 2675 et
440 2619 471 2674 in
486 2619 594 2676 aethera
606 2638 660 2698 pgr
680 2627 708 2676 at
722 2628 864 2694 apertum.

106 2698 231 2756 Restitit
241 2697 362 2771 AEneas,
377 2696 512 2771 clarique
526 2695 556 2750 in
569 2695 635 2752 luce
649 2715 679 2752 re
712 2696 785 2770 lsit,¹

108 2778 149 2842 Os
163 2777 357 2851 humerosque
372 2776 427 2832 deo
442 2773 562 2831 similis:
584 2791 709 2853 namque
723 2773 786 2849 ipsa
800 2774 937 2834 decoram

107 2856 266 2913 Caesariem
280 2862 348 2911 nato
363 2853 503 2930 genetrix,
518 2852 675 2927 lumenque
685 2854 816 2929 juventae

107 2936 297 3011 Purpureum,
312 2941 342 2991 et
354 2933 436 2990 laetos
451 2930 542 2990 oculis
556 2929 665 2988 afflarat
677 2930 812 2988 honores.

109 3014 203 3084 Quale
218 3031 320 3070 manus
334 3012 444 3069 addunt
458 3011 539 3067 ebori
553 3010 661 3096 dgcus5
684 3017 733 3067 aut
747 3010 798 3067 ubi
810 3009 885 3067 flavo

106 3095 276 3168 Argentum,
292 3091 431 3149 Pariusve
445 3065 527 3165 ledis,
543 3088 735 3146 circumdatur
748 3107 825 3146 auro.

127 3228 132 3237 ,
147 3172 226 3228 Tum
240 3171 282 3244 sic
296 3170 424 3246 reginam
439 3167 602 3243 alloquitur,
618 3168 787 3242 cunctisque
802 3163 921 3244 repentia

108 3250 284 3326 Improvisus
299 3249 356 3306 ait:
378 3245 496 3320 Coram,
512 3264 598 3323 quem
613 3246 750 3322 quaeritis,
765 3247 866 3304 adsum

108 3328 215 3385 Troius
228 3327 350 3400 AEneas,
365 3325 483 3402 Libycis
497 3332 613 3401 ereptus
628 3325 663 3381 ab
678 3324 774 3382 undis.

109 3407 135 3465 Ο
150 3405 212 3464 sola
224 3404 356 3462 infandos
370 3404 467 3481 Trojae
481 3404 617 3462 miserata
629 3402 753 3477 labores,

109 3484 185 3555 Quae
199 3502 261 3557 nos,
276 3482 410 3558 reliquias
424 3481 569 3556 Danairm,
583 3489 734 3557 terraeque,
749 3480 903 3555 marisque,
924 3546 927 3554 ἱ

79 3579 82 3583 ’
109 3561 254 3621 Omnibus
268 3562 424 3619 exhaustos
434 3562 495 3637 jam
510 3560 633 3634 casibus,
648 3559 778 3616 omnium
793 3576 911 3633 egenos,

108 3641 201 3715 Urbe,
215 3640 312 3714 domo,
327 3639 438 3698 socias!
461 3647 554 3714 grates
567 3639 731 3716 persolvere
746 3637 846 3711 dignas

108 3720 179 3783 Non
193 3719 256 3798 opis
270 3726 314 3778 est
327 3725 445 3792 nostrae,
457 3717 546 3794 Dido,
560 3737 615 3776 nec
630 3715 772 3794 quidquid
785 3713 893 3793 ubique
908 3722 953 3778 est
