2400 4178
107 204 144 262 u
249 178 252 185 ’
390 256 392 260 Α
468 200 752 263 cnoaorconurr

108 350 217 410 Felicis
231 351 311 426 mali,
325 371 383 429 quo
397 370 455 409 non
469 353 640 429 prasentius
648 352 752 428 ullum,

108 428 219 488 Pocula
233 430 258 488 si
271 431 386 507 quando
400 449 488 486 savar
500 429 628 488 infecere
640 450 785 506 novercae,

112 506 368 584 [Miscueruntque
382 506 486 565 herbas
500 517 529 566 et
541 526 599 565 non
610 509 729 566 innoxia
742 509 853 588 verba]

107 587 261 647 Auxilium
271 585 361 659 venit,
377 604 410 642 ac
425 585 562 643 membris
576 586 634 661 agit
647 594 707 643 atra
720 606 841 660 venena.

108 663 178 740 Ipsa
191 665 294 739 ingens
309 662 401 738 arbos,
416 663 579 740 faciemque
593 663 740 722 simillima
753 665 852 740 lanro;

107 741 157 816 Et,
172 742 268 798 sinon
283 741 370 798 alium
384 739 441 799 late
452 744 575 820 jactaret
588 741 716 816 odorem,

108 821 222 877 Laurus
236 827 313 878 erat:
334 819 403 876 solia
416 818 495 877 haud
509 819 575 877 ullis
588 819 715 878 labentia
727 822 839 895 ventis;

107 897 177 954 Flos
192 897 323 973 apprima
336 905 424 954 tenax
437 917 443 954 :
467 898 578 955 animas
592 906 622 955 et
635 898 743 956 olentia
756 899 840 957 Medi

108 974 168 1033 Ora
179 974 280 1033 fovent
292 974 351 1050 illo,
366 984 396 1033 et
409 975 528 1033 senibus
542 976 724 1034 medicantur
737 976 858 1035 anhelis.

148 1053 206 1110 Sed
220 1067 320 1129 neque·
329 1053 497 1127 Medorum,
513 1054 593 1111 silvae
608 1053 759 1129 ditissima,
774 1064 858 1131 terra,

107 1130 173 1189 Nec
188 1130 310 1206 pulcher
324 1131 450 1207 Ganges,
466 1142 550 1208 atque
565 1150 634 1189 auro
647 1132 778 1189 turbidus
793 1134 931 1207 Hermus,

108 1209 258 1266 Laudibus
273 1209 364 1266 Italiae
381 1218 508 1283 certent;
530 1229 587 1266 non
603 1210 718 1284 Bactra,
733 1230 828 1287 neque
843 1212 918 1283 Indi,

109 1287 242 1363 Totaque
255 1287 399 1345 thuriferis
414 1287 563 1345 Panchaia
575 1289 691 1365 pinguis
705 1290 806 1346 arenis.

108 1365 184 1422 Haec
202 1366 268 1423 loca
280 1386 339 1423 non
354 1366 427 1427 tauri
441 1367 581 1443 spirantes
595 1367 710 1424 naribus
725 1366 822 1440 ignem
894 1403 897 1407 -

108 1442 268 1520 Invertcire,
284 1445 351 1502 satis
365 1444 500 1502 immanis
515 1444 649 1502 dentibus
663 1444 765 1520 hydri;

107 1520 139 1579 N
140 1541 173 1579 ec
187 1521 277 1596 galeis
291 1522 445 1596 densisque
460 1521 552 1578 virsim
567 1541 651 1596 seges
662 1521 772 1579 horruit
784 1521 891 1579 hastis:
979 1524 985 1535 ’

109 1599 168 1656 Sed
182 1599 306 1674 gravMae
321 1599 416 1673 fruges
431 1608 460 1657 et
474 1599 587 1664 Bacchi
599 1600 743 1656 Massicus
754 1599 859 1658 humor

108 1674 291 1753 Impleveire3
313 1685 414 1734 tenent
424 1678 506 1750 oleae,
522 1686 707 1754 armentaque
721 1677 796 1736 lata

108 1755 187 1813 Hinc
201 1754 322 1813 bellator
336 1773 429 1830 equus
440 1775 543 1832 campo
558 1775 621 1813 sese
636 1757 742 1814 arduus
756 1757 857 1827 insert3

107 1833 188 1892 Hinc
202 1832 269 1907 albi,
284 1833 443 1909 Clitumne,
458 1853 558 1909 greges
584 1844 613 1892 et
625 1835 755 1900 ¹maxima
768 1843 866 1892 taurus

106 1910 246 1986 Victima,
262 1909 343 1988 areph
358 1920 408 1968 tuo
422 1912 532 1988 perfusi
566 1913 667 1971 umine
681 1931 772 1987 sacro,

106 1988 257 2048 Romanos
272 1990 308 2048 ad
321 1990 432 2066 templa
444 1990 531 2048 derim
546 1989 655 2048 duxere
669 1989 841 2066 triumphos.

107 2066 167 2126 Hic
181 2087 232 2126 ver
246 2068 404 2142 assiduum,
420 2075 505 2143 atque
520 2067 620 2126 alienis
635 2068 783 2125 mensibus
798 2074 900 2138 aestas5

106 2145 159 2203 Bis
174 2147 298 2221 gravidae
313 2146 453 2221 pecudes,
464 2145 509 2201 bis
522 2147 618 2221 pomis
633 2145 711 2203 utilis
726 2145 817 2202 arbor.

106 2225 147 2280 At
161 2224 267 2280 rabidae
280 2224 368 2298 tigres
383 2223 497 2297 absunt,
512 2232 541 2281 et
555 2243 632 2281 saeva
645 2224 763 2280 leonum

108 2301 245 2372 Semina,
267 2320 321 2358 nec
336 2301 456 2358 miseros
470 2300 572 2359 fallunt
586 2302 699 2359 aconita
711 2302 861 2376 legentes,

106 2378 137 2437 N
139 2398 172 2436 ec
187 2379 260 2455 rapit
274 2379 432 2435 immensos
446 2378 529 2435 orbes
542 2399 595 2456 per
608 2381 740 2453 humum,
755 2395 851 2454 neque
864 2385 943 2437 tanto

108 2457 270 2533 Squameus
285 2457 315 2512 in
329 2456 436 2533 spiram
451 2464 541 2515 tractu
556 2477 587 2515 se
601 2457 712 2533 colligit
726 2457 837 2532 anguis.

105 2535 191 2592 Adde
206 2543 247 2592 tot
261 2534 389 2610 egregias
403 2534 499 2609 urbac,
511 2554 691 2612 9perumque
705 2535 844 2611 laborem,
943 2562 945 2566 ’
1025 2539 1029 2546 ’

106 2613 165 2670 Tot
179 2622 315 2687 congesta
328 2631 416 2670 manu
430 2615 582 2690 praeruptis
597 2614 705 2691 oppida
719 2614 805 2689 saxis,

105 2689 300 2766 Fluminaque
314 2692 445 2767 antiquos
459 2691 683 2750 subterlabentia
696 2712 808 2753 muros..

105 2771 153 2826 An
169 2788 246 2827 mare
261 2769 338 2845 quod
353 2767 440 2846 supra
454 2789 623 2844 memorem,
638 2773 771 2847 quodque
786 2769 868 2828 alluit
880 2765 974 2828 infra?
1078 2773 1087 2786 ‘

106 2850 192 2905 Anne
206 2848 287 2904 lacus
301 2851 415 2907 tantos?
437 2857 475 2922 te,
491 2850 557 2905 Lari
572 2850 710 2924 maxime,
724 2857 821 2923 teque,

105 2926 259 2984 Fluctibus
274 2935 302 2983 et
316 2926 432 2984 fremitu
448 2946 608 3002 assurgens,
624 2928 749 3000 Benace,
765 2926 897 2982 marino?
964 2936 966 2940 ⁴

106 3006 154 3061 An
169 3023 328 3062 memorem
342 3012 452 3081 portus,
467 3006 650 3081 Lucrinoque
665 3004 761 3063 addita
776 3003 909 3078 claustra,

106 3084 202 3157 Atque
216 3082 396 3156 indignatum
411 3083 522 3158 magnis
537 3083 702 3141 stridoribus
717 3101 824 3157 aequor,

105 3159 183 3217 Julia
196 3159 254 3236 quai
267 3170 356 3235 ponto
370 3159 456 3237 longe
472 3170 553 3219 sonat
567 3162 646 3218 unda
659 3162 764 3234 refuso,

107 3238 332 3314 Tyrrhenusque
346 3239 424 3297 sretis
438 3240 602 3300 immittitur
617 3249 704 3297 aestus
713 3236 864 3296 Aramis?

146 3317 221 3374 Haec
236 3317 338 3375 eadem
353 3317 463 3392 argenti
477 3318 557 3378 rivos.
568 3318 689 3392 aerisque
704 3314 820 3373 metalla

107 3394 242 3453 Ostendit
254 3395 346 3468 venis,
362 3404 446 3471 atque
461 3413 529 3452 auro
543 3395 669 3471 plurima
682 3394 774 3452 fluxit.

108 3474 183 3530 Haec
196 3492 286 3548 genus
301 3480 365 3532 acre
379 3472 482 3546 virirm,
498 3474 620 3548 Marsos,
632 3473 798 3550 pubemque
814 3470 968 3545 Sabellam,

107 3553 325 3627 Assuetumque
339 3552 415 3609 malo
430 3553 577 3626 Ligurem,
592 3551 774 3626 Volscosque
788 3557 915 3625 verutos,

108 3625 242 3701 Elrtulit;
263 3630 328 3687 haec
342 3630 460 3704 Decios,
475 3629 594 3703 Marios,
610 3649 786 3705 magnosque
800 3627 950 3702 Camillos,

110 3707 260 3784 Scipiadas
274 3708 359 3766 duros
372 3707 460 3785 bello,
474 3715 503 3766 et
516 3716 554 3785 te,
569 3709 696 3768 maxime
712 3709 820 3783 Caesar,
