2370 4176
119 197 172 252 ru
293 208 307 229 '
529 193 710 250 AENEIDOS

118 344 293 401 Germanam
307 342 406 417 credit,
420 360 475 400 nec
489 349 583 400 tantos
596 350 693 400 mente
706 341 816 401 furores

118 421 263 497 Concipit,
279 429 328 479 aut
340 421 469 496 graviora
482 422 563 479 timet
576 417 663 497 quim
676 428 768 478 morte
783 419 907 497 Sychrei.

81 512 90 523 ·
117 498 197 575 Ergo
206 503 288 578 jussa
299 508 388 577 parat

152 580 196 635 At
209 579 317 653 regina,
331 578 402 655 pyri
415 575 555 653 penetrali
569 576 598 632 in
613 574 683 634 sede
697 576 751 633 sub
766 594 849 634 auras

116 653 225 713 Erectis
238 655 357 731 ingenti,
372 656 455 713 taedis
470 663 555 730 atque
569 654 636 713 ilice
650 654 738 730 secti,

117 732 299 808 Intenditque
313 733 411 791 locum
419 733 517 809 sertis,
532 742 561 788 et
573 731 673 789 fronde
687 739 804 790 coronat

114 809 268 867 Funered:
291 831 377 888 super
391 812 518 885 exuvias,
534 828 692 886 ensemque
706 809 847 886 relictum,

114 887 309 964 Effigiemque
323 898 383 948 toro
398 889 481 964 locat,
495 888 573 945 haud
586 888 685 962 ignara
698 886 793 945 futuri.

116 966 198 1030 Stant
212 986 267 1024 arae
282 965 408 1040 circirm3
431 975 461 1024 et
474 967 567 1024 crines
582 965 673 1023 effusa
686 966 819 1024 sacerdos

114 1044 305 1102 Tercentum
320 1053 400 1103 tonat
413 1064 461 1102 ore
476 1044 555 1118 dece,
570 1044 767 1119 Erebumque,
783 1044 946 1120 Chaosque,

113 1121 376 1199 Tergeminamque
391 1125 535 1197 Hecaten,
550 1123 602 1180 tria
615 1123 734 1198 virginis
749 1142 798 1180 ora
811 1123 925 1180 Dianae.

114 1199 263 1275 Sparserat
276 1210 304 1258 et
317 1201 416 1265 latices
430 1201 577 1259 simulatos
591 1200 677 1259 sontis
690 1201 808 1259 Averni.

113 1276 249 1335 Falcibus
265 1287 293 1336 et
306 1298 408 1337 messae
424 1281 459 1336 ad
472 1280 570 1337 lunam
585 1288 753 1354 quaeruutur
766 1279 866 1336 ahenis

112 1355 261 1414 Pubentes
275 1357 381 1432 herbae,
397 1358 470 1432 nigri
484 1377 552 1415 cum
565 1357 640 1414 lacte
654 1358 768 1414 veneni.

114 1433 262 1503 Quaeritur
275 1444 304 1492 et
318 1437 461 1493 nascentis
474 1436 540 1511 equi
554 1437 590 1492 de
604 1435 696 1493 fronte
710 1433 849 1508 revulsus,

112 1511 154 1569 Et
166 1514 249 1570 matri
263 1506 430 1589 prereptua
446 1532 534 1569 amor.

113 1589 183 1664 Ipsa
195 1591 281 1664 molat,
296 1591 485 1666 manibusque
499 1591 564 1666 piis,
579 1589 678 1648 altaria
686 1592 779 1668 juxta,

111 1667 212 1726 Unum
228 1676 316 1725 exuta
329 1670 434 1745 pedem
448 1668 561 1743 vinclis,
575 1669 606 1725 in
620 1678 700 1726 veste
714 1669 849 1744 recincta,

111 1746 246 1805 Testatur
259 1747 395 1804 moritura
408 1748 487 1821 deos,
503 1756 532 1805 et
545 1748 661 1804 conscia
673 1746 723 1805 sati

112 1826 230 1883 Sidera:
253 1835 325 1901 tum,
341 1827 364 1883 si
378 1827 456 1903 quod
470 1845 528 1883 non
542 1845 624 1902 aequo
638 1824 745 1883 soedere
759 1833 888 1882 amantea

111 1905 196 1963 Curae
210 1924 318 1963 numen
333 1905 429 1979 habet,
440 1908 608 1984 justumque
622 1923 787 1980 memorque
800 1912 941 1981 precatur.

148 1983 181 2041 N
182 2003 220 2040 ox
234 1991 303 2058 erat,
319 1992 347 2041 et
359 1984 508 2060 placidum
522 1983 679 2059 carpebant
691 1982 766 2040 sessa
779 2000 911 2058 soporem

111 2060 240 2136 Corpora
252 2081 304 2139 per
317 2069 423 2134 terras;
446 2062 585 2136 silvaeque
599 2069 629 2118 et
642 2079 719 2117 saeva
732 2058 865 2135 quierant

110 2139 258 2214 AEquora3
280 2159 371 2215 quum
386 2139 483 2195 medio
497 2138 651 2196 volvuntur
664 2139 757 2194 sidera
767 2137 869 2213 lapsu3

111 2216 209 2286 Quum
224 2226 301 2274 tacet
314 2217 407 2274 omnis
422 2234 504 2289 ager3
525 2215 663 2292 pecudes,
678 2216 822 2294 pictaeque
836 2215 977 2292 volucres,

112 2294 244 2370 Quaeque
258 2295 337 2352 lacus
352 2291 409 2352 late
423 2294 557 2369 liquidos,
573 2312 695 2369 quaeque
710 2312 811 2368 aspera
824 2294 920 2352 dumis

109 2372 191 2444 Rura
205 2382 313 2447 tenent,
328 2392 429 2430 somno
443 2373 543 2448 positae
559 2371 612 2428 sub
627 2378 712 2429 nocte
726 2372 822 2429 silenti

110 2450 255 2509 Lenibant
268 2471 360 2526 curas,
376 2459 404 2510 et
418 2452 504 2509 corda
518 2450 606 2507 oblita
619 2449 766 2509 laborum:

109 2529 150 2586 At
163 2548 221 2586 non
235 2529 336 2587 infelix
350 2530 438 2587 animi
452 2529 622 2601 Phoenissa3
644 2548 739 2604 neque
752 2547 879 2604 unquam

112 2607 239 2665 Solvitur
252 2609 280 2665 in
296 2628 422 2684 somnos,
438 2608 566 2666 oculisve
582 2616 630 2666 aut
642 2615 759 2683 pectore
773 2614 890 2664 noctem

110 2686 245 2762 Accipit:
268 2688 446 2763 ingeminant
460 2706 554 2760 curae3
577 2704 730 2761 rursusque
744 2703 895 2761 resurgens

111 2764 201 2822 Saevit
215 2785 302 2841 amor,
317 2785 478 2842 magnoque
492 2767 597 2823 irarum
610 2765 730 2823 fluctuat
744 2772 825 2822 aestu.

111 2843 160 2900 Sic
174 2841 245 2900 aded
261 2844 374 2919 insistit,
390 2863 548 2921 secumque
561 2844 602 2902 ita
615 2844 701 2900 corde
715 2843 841 2901 volutat:

110 2922 158 2977 En
172 2922 242 2995 quid
256 2925 333 2996 ago?
355 2941 490 2979 rursusne
503 2942 606 2999 procos
619 2922 699 2979 irrisa
712 2921 820 2998 priores

110 2999 271 3074 Experiar?
312 3000 538 3077 Nomadumque
552 3009 649 3076 petam
664 3000 808 3058 connubia
822 2997 954 3076 supplex,

111 3077 193 3147 Quos
208 3095 261 3150 ego
276 3077 331 3133 sim
345 3078 429 3134 toties
439 3081 501 3155 jam
515 3080 668 3154 dedignata
680 3078 817 3136 maritos?

109 3153 212 3212 Iliacas
227 3155 313 3230 igitur
326 3155 432 3212 classes
447 3165 532 3232 atque
547 3157 648 3215 ultima
661 3156 809 3214 Teucrirm

108 3233 193 3290 Jussa
207 3236 328 3310 sequar?
349 3234 454 3308 quinne
469 3235 577 3292 auxilio
587 3239 669 3312 juvat
683 3232 750 3293 ante
762 3234 882 3309 levatos,

108 3314 168 3369 Aut
181 3312 256 3370 bene
271 3313 348 3390 apud
362 3332 504 3370 memores
518 3314 622 3370 veteris
637 3319 692 3370 stat
705 3314 795 3387 gratia
807 3313 895 3373 sacti?

110 3392 184 3462 Quis
200 3411 245 3449 me
261 3400 365 3466 autem,
380 3390 424 3448 fac
439 3390 524 3466 velle,
539 3392 634 3448 sinet?
655 3391 799 3450 ratibusve
813 3387 943 3469 superbis
1034 3392 1096 3450 540

109 3469 237 3528 invisam
252 3471 395 3548 accipiet?
437 3468 552 3544 Nescis,
567 3470 642 3526 heu!
663 3471 786 3547 perdita,
801 3472 927 3530 necdum

109 3549 333 3607 Laomedonteae
348 3547 436 3608 sentis
450 3548 575 3625 perjuria
588 3546 702 3623 gentis?

110 3627 190 3697 Quid
205 3631 287 3685 tum?
309 3629 371 3686 sola
384 3627 566 3704 sugdnautas
581 3626 738 3684 comitabor
751 3627 893 3686 ovantes?

108 3708 155 3763 An
171 3706 266 3782 Tyriis
281 3708 418 3783 omnique
432 3726 518 3764 manu
533 3707 636 3784 stipata
648 3723 778 3764 meorum
