2400 4178
499 197 614 256 mann
633 195 700 283 111„

105 349 182 410 Mox
194 359 256 409 erat
267 349 325 408 hoo
338 347 433 426 ipsum
447 349 546 424 exitio,
560 349 698 426 furiisque
707 350 816 408 'reiecti
905 368 909 377 ·

106 427 273 500 Ardebant;
294 427 407 504 ipsique
421 446 497 502 suos,
507 429 570 505 jam
583 436 675 486 morte
688 428 742 486 sub
756 429 843 504 egri,

107 504 167 643 &Di
180 506 299 564 meliora
311 506 377 582 piis,
392 524 574 583 erroremque
587 505 720 565 hostibus
730 507 812 565 illum
824 506 847 586 l)

138 585 254 643 isaissoa
264 584 349 642 nudis
362 583 508 643 laniabant
520 583 654 642 dentibus
668 592 753 645 arura.

148 663 228 721 Ecce
243 671 339 721 autem
352 663 425 721 duro
436 660 550 723 fumans
564 661 618 720 sub
631 681 748 722 vomere
761 671 859 723 taurus
898 692 901 699 ·

91 805 95 812 ,
107 739 253 817 Concidit,
268 748 298 800 et
311 741 433 800 mixtum
446 741 556 819 spumis
569 741 661 799 vomit
673 761 723 800 ore
736 758 877 819 cruorem,

107 819 321 897 Extremusque
334 819 545 896 siet-gemitus:
567 819 590 877 it
603 819 690 889 tristis
704 827 805 891 arator,

107 896 285 957 Maerentem
299 896 459 976 abjungens
472 896 596 956 fraterni
609 906 700 956 morte
710 900 883 976 juvencum,

106 977 136 1037 A
167 994 207 1035 ua
220 995 308 1054 opere
322 977 352 1034 in
366 976 464 1046 medio
478 976 575 1034 defixa
587 975 724 1052 relinquit
737 984 836 1034 aratra.

993 636 999 644 ’
1031 668 1088 723 515

179 1073 217 1112 on
230 1054 338 1112 umbre
353 1054 473 1112 altorum
487 1072 646 1129 nemorum,
661 1072 719 1111 non
733 1054 831 1113 mollia
842 1061 964 1132 possunt
1031 1059 1089 1112 520

108 1129 197 1190 Prata
208 1151 326 1190 movere
340 1132 477 1207 animum,
492 1151 550 1189 non
564 1133 613 1208 qui
626 1150 678 1207 per
691 1150 762 1190 saxa
774 1133 888 1191 volutus

108 1208 212 1269 Purior
225 1210 331 1268 electro
345 1227 479 1285 eampum
492 1211 564 1286 petit
577 1210 686 1268 amnis:
709 1219 738 1269 at
750 1210 809 1269 ima

111 1287 267 1348 Solvuntur
276 1289 374 1363 latera,
389 1295 474 1364 atque
488 1287 586 1346 oculos
600 1295 698 1364 stupor
710 1297 793 1364 urget
805 1289 922 1364 inertes,

107 1366 157 1426 Ad
169 1373 330 1443 terramque
344 1366 407 1424 fluit
419 1367 532 1425 devexo
545 1366 673 1442 pondere
687 1367 795 1425 cervix.

109 1443 190 1516 Quid
203 1444 283 1502 lab'or
296 1452 346 1503 aut
358 1443 511 1502 benefacta
519 1445 646 1522 juvanti
665 1444 735 1536 quid
747 1463 865 1502 vomere
878 1451 967 1502 terras
1032 1445 1089 1501 525

65 1566 68 1573 -
109 1522 265 1581 Invertisse
279 1524 400 1598 graves?
431 1522 510 1599 atqui
522 1540 580 1580 non
593 1522 723 1581 Massrca
736 1522 847 1580 Bacchi
920 1590 923 1595 Ι

108 1600 244 1677 Munera,
258 1621 316 1659 non
330 1600 387 1658 illis
401 1601 494 1677 epulae
508 1599 634 1659 noeuire
647 1597 787 1676 repdstae:

109 1679 273 1738 Frondibus
288 1688 317 1738 et
330 1680 408 1737 victu
421 1690 576 1757 pascuntur
589 1678 727 1755 simplicis
740 1678 857 1750 herbae3

108 1758 220 1816 Pocula
233 1765 299 1815 sunt
312 1756 406 1815 fontes
419 1757 530 1834 liquidi,
546 1765 630 1833 atque
644 1757 771 1815 exercita
783 1775 868 1815 eursu

109 1835 263 1909 Flumina;
284 1853 339 1893 nee
353 1854 468 1894 somnos
483 1835 625 1912 abrumpit
638 1852 707 1892 cura
718 1834 856 1896 salubres.

149 1914 294 1991 Tempore
307 1932 366 1971 non
380 1914 436 1971 alio
450 1914 550 1977 dicum
562 1912 726 1988 regionibus
739 1911 796 1970 illis
823 1910 832 1927 ⁰

111 1992 254 2064 Quaesitus
269 1993 305 2051 ad
319 2011 401 2051 sacra
412 1992 503 2051 boves
516 1991 649 2066 lunonis,
664 1997 694 2049 et
705 1991 764 2048 uris

109 2070 271 2149 Imparibus
285 2071 388 2130 ductos
402 2072 459 2129 alta
472 2072 508 2129 ad
522 2069 641 2128 donaria
652 2087 760 2128 currus.

110 2152 189 2227 Ergo
204 2147 278 2226 regri
292 2150 389 2208 rastris
402 2159 506 2211 terram
519 2149 672 2224 rimantur,
681 2156 711 2207 et
723 2147 794 2226 ipsis

108 2228 266 2306 Unguibus
279 2229 422 2288 infodiunt
435 2229 540 2304 surges,
554 2235 724 2304 montesque
738 2226 875 2305 per'altos

109 2307 255 2367 Contenti
270 2308 381 2366 cervice
396 2307 513 2366 trahunt
526 2307 674 2365 stridentia
686 2306 822 2384 plaustra„

148 2387 180 2447 N
180 2405 218 2444 on
232 2386 316 2463 lupus
330 2386 448 2444 insidias
461 2386 591 2463 explorat
604 2385 691 2443 ovilia
703 2385 822 2458 oironm,

109 2464 176 2523 Nec
190 2465 323 2540 gregibus
337 2472 493 2522 nocturnus
507 2463 688 2535 obambulat;
710 2463 801 2520 aerior
814 2461 900 2520 illum

111 2543 189 2600 Cura
202 2543 317 2599 domat:
339 2542 432 2599 timidi
446 2543 538 2599 damae
552 2542 688 2618 nervique
701 2538 818 2616 fugaces

110 2620 199 2678 Nune
213 2620 345 2696 interque
359 2637 445 2676 canes
459 2626 489 2676 et
502 2620 611 2676 circum
625 2627 701 2677 tecta
713 2626 861 2694 vagantur.
903 2644 906 2650 ·

110 2699 176 2757 Jam
189 2697 275 2755 maris
289 2696 425 2754 immensi
437 2695 548 2772 prolem
563 2703 592 2753 et
605 2714 696 2770 genus
711 2713 799 2753 omno
810 2693 962 2754 naunutm

111 2778 221 2835 Littore
235 2776 265 2833 in
280 2783 419 2848 extremo,
434 2792 489 2831 eeu
502 2773 639 2848 naufraga
652 2791 780 2849 corpora,
790 2773 896 2831 fluctus

111 2855 238 2914 Proluit:
260 2853 382 2912 insolitae
395 2852 509 2928 fugiunt
521 2853 551 2909 in
565 2851 685 2909 flumina
696 2850 807 2928 phooae.

111 2933 214 2994 Interit
227 2938 257 2991 et
270 2931 364 2990 curvis
377 2932 480 2990 frustra
492 2931 612 2989 defensa
624 2929 741 2988 latebris

111 3012 229 3090 Vipera,
245 3020 275 3070 et
289 3011 400 3069 attoniti
413 3010 540 3087 squamis
554 3008 731 3074 adstantibus
745 3007 838 3085 hydri.

112 3092 187 3170 lpsis
201 3099 246 3150 est
259 3093 309 3149 air
323 3090 423 3147 avibus
436 3108 495 3147 non
510 3107 618 3164 aequus,
633 3096 663 3146 et
675 3087 733 3144 illae

111 3171 279 3247 Pracipites
294 3169 350 3228 alti
364 3169 453 3226 vitam
467 3166 520 3225 sub
534 3166 611 3224 nube
625 3165 799 3243 relinquunt.

112 3249 257 3308 Praeterea
266 3249 327 3326 jam
341 3267 396 3305 neo
410 3246 513 3305 mutari
526 3245 633 3323 pabula
646 3246 740 3321 refert,

114 3327 311 3404 Quesitaeque
324 3334 431 3384 nocent
444 3334 536 3383 artes:
558 3320 672 3382 cessire
686 3323 825 3400 magistri,

113 3406 287 3482 Phillyrides
301 3405 421 3478 Chiron,
435 3401 705 3485 Amythaoniusque
718 3400 894 3482 Melampus.

115 3485 205 3544 Saevit
218 3491 248 3543 et
260 3484 291 3541 in
304 3483 401 3541 lucem
417 3483 524 3558 Stygiis
538 3483 644 3541 emissa
655 3478 783 3539 tenebris
807 3528 813 3539 .
892 3498 896 3506 ·

114 3563 227 3622 Pallida
240 3561 410 3638 Tisiphone,
425 3561 544 3621 Morbos
558 3561 618 3637 agit
631 3556 697 3617 autb
711 3558 892 3635 Metumque,

115 3641 208 3718 Inque
223 3641 284 3698 dies
299 3640 415 3698 avidum
428 3658 547 3715 surgens
560 3649 647 3716 eaput
659 3633 745 3695 altius
758 3635 857 3695 effert,

111 3721 220 3780 Balatu
230 3738 369 3830 peropum
380 3725 410 3776 et
422 3716 529 3777 crebris
543 3715 700 3794 mugitibus
712 3732 819 3777 amnes,

1033 1836 1091 1891 530

1034 2228 1096 2283 535

1034 2620 1100 2675 osu

1038 3011 1096 3066 545

1037 3403 1105 3458 otu
