2370 4176
105 179 157 241 m
493 174 676 232 munos

103 328 225 481 ²gaetpirgp
249 323 352 387 infelix
364 324 422 401 qut
435 342 477 400 se,
492 323 561 384 dnm
574 288 840 401 regnsmmbbnt,

227 369 436 463 ’Andromache
449 402 523 463 serre
537 403 705 463 incomitata
716 401 828 479 solebat

104 482 153 539 Ad
166 501 290 557 soceros,
304 488 334 539 et
347 499 401 541 avo
414 499 536 558 puerum
549 482 726 558 Astymede
738 479 879 541 trahebat.

104 560 208 618 Evado
222 560 258 617 sd
271 559 376 617 summi
388 559 502 635 sestigia
512 558 659 634 culminis,
673 560 753 618 unde

52 698 55 703 ,
104 637 180 696 Tele
192 657 280 696 manu
293 637 391 697 miseri
399 636 549 716 jactabant
558 637 636 696 irrita
648 637 768 696 Teucri.
1008 696 1014 703 ,

103 715 219 773 Turrim
232 716 263 773 in
276 715 418 793 precipiti
430 723 564 790 stantem,
579 716 757 792 summisque
768 714 824 774 sub
836 721 913 775 astra

103 793 249 852 Eductam
263 794 358 869 tectis,
372 795 449 853 unde
464 793 561 860 omnis,
571 794 660 871 Troja
673 795 775 870 videri,

104 870 145 930 Et
158 870 294 929 Danarim
309 872 400 931 solite
414 890 513 946 naves,
528 880 558 929 ct
570 871 684 930 Aehs'r'a
696 880 798 947 caune,

102 950 240 1024 Aggressi
254 950 327 1008 ferro
342 947 460 1025 circum,
474 944 532 1026 'qui
546 968 660 1008 summa
672 949 803 1008 labantes

102 1027 257 1086 Juucturas
271 1028 399 1087 tabulata
411 1028 527 1103 dabant,
542 1028 738 1090 convellimus,
746 1028 810 1087 altis

104 1105 238 1180 Sedibus,
252 1106 487 1183 impulimusque.
526 1106 577 1164 Ea
589 1104 801 1184 lapsarepente
815 1104 929 1164 ruinam

102 1183 180 1241 Cum
194 1185 289 1242 sonitu
303 1185 399 1258 trahit,
413 1194 443 1243 et
456 1182 592 1242 Danaum
605 1203 692 1263 snper
704 1186 821 1261 agmina
832 1180 890 1242 lete

104 1261 228 1320 Incidit:
251 1271 294 1320 ast
307 1263 356 1320 alii
369 1260 511 1321 subeunt:
533 1280 588 1321 nec
602 1283 681 1338 saxa,
696 1282 752 1322 nec
764 1264 856 1322 allum

102 1339 241 1397 Telorum
256 1341 367 1400 interea
379 1349 587 1417 cessat'genus.

102 1417 287 1477 Vestibulum
302 1426 367 1477 ante
381 1420 476 1496 ipsum
489 1420 640 1497 primoque
653 1419 683 1476 in
696 1418 797 1476 limine
810 1417 939 1494 Pyrrbus
972 1470 978 1479 .

102 1495 248 1571 Exsultat,
263 1497 328 1560 telis
343 1505 371 1555 et
385 1497 451 1554 luce
465 1515 600 1555 coruscus
615 1495 718 1554 aheni.
768 1539 771 1545 .

103 1573 206 1644 Qualis
220 1574 270 1631 ubi
284 1575 315 1631 iu
328 1574 425 1633 lucem'
438 1574 565 1650 coluber,
580 1574 655 1633 male
668 1574 797 1649 gramina
808 1581 916 1651 pastus,

101 1651 287 1726 Frigida-sub
301 1653 376 1711 terri
389 1653 533 1711 tumidum
547 1671 634 1731 quem
646 1651 749 1711 bruma
762 1652 886 1728 tegebat,

101 1729 132 1788 N
134 1749 191 1787 unc
204 1731 305 1808 positis
319 1750 412 1789 novus
427 1732 550 1807 exuviis,
560 1731 730 1807 nitidusque
739 1731 871 1809 juventi,
989 1790 995 1800 ,

102 1807 228 1867 Lubrica
240 1809 388 1869 convolvit
399 1810 512 1869 sublato
525 1819 643 1888 pectore
657 1816 737 1886 ter'ga
827 1841 831 1847 ·

101 1888 219 1946 Arduus
233 1887 268 1945 ad
283 1889 429 1964 solem,.et
441 1888 547 1964 linguis
561 1889 650 1947 micat
662 1907 711 1946 ore
725 1887 858 1946 trisulcis.
958 1900 960 1904 ’

101 1965 171 2025 Une
184 1966 287 2042 ingens
300 1966 452 2044 Periphas,
463 1977 497 2026 et
510 1985 650 2044 equorum
664 1966 786 2042 agitator
798 1965 924 2026 Achillis

101 2045 236 2120 Armiger
248 2046 443 2119 Automedon,
457 2046 515 2102 uni
529 2046 623 2104 omnis
638 2045 740 2121 Scyria
751 2044 854 2122 pubes,
964 2074 967 2081 ¹
1085 2029 1091 2040 ⁴

103 2122 269 2181 Succedunt
282 2132 368 2198 tecto,
383 2131 413 2181 et
425 2123 556 2182 flammas
571 2125 606 2181 ad
620 2121 748 2181 culmina
756 2125 876 2200 jactent.

101 2199 170 2277 lpse
183 2201 258 2259 inter
270 2201 378 2278 primos'
392 2201 523 2277 correpti
537 2203 608 2258 dura
621 2200 742 2277 bipenni

101 2277 218 2336 Limina
230 2279 397 2356 perrumpit,
411 2287 566 2356 postesque
580 2300 598 2338 a
610 2278 725 2338 esrdine
738 2277 820 2338 vellit

101 2356 235 2430 dirutos,
253 2359 383 2435 jamque,
398 2357 496 2415 excisi
509 2359 599 2433 trabe,
614 2357 696 2415 firma
709 2357 823 2417 cavavit

101 2433 228 2511 Robora,
244 2443 273 2493 et
285 2436 432 2512 ingentem
447 2435 505 2495 lato
519 2437 599 2496 dedit
612 2454 661 2495 ore
674 2437 838 2495 fenestram.

100 2514 233 2591 Apparet
245 2515 348 2574 domus
361 2516 447 2590 intus,
462 2525 493 2574 ct
505 2517 576 2576 utria
589 2514 675 2593 longa
709 2523 857 2588 ntescunt;

100 2593 251 2670 Apparent
263 2594 372 2653 Priami
385 2602 414 2654 et
427 2603 557 2655 veterum
570 2614 646 2673 pene
700 2596 729 2654 ia
742 2614 860 2671 regum

99 2673 291 2752 Armatasque
304 2675 406 2734 vident
418 2683 526 2735 stantes
539 2675 569 2734 in
583 2675 683 2744 limine
696 2675 798 2753 primo.

139 2753 180 2810 At
194 2753 295 2812 domus
309 2754 428 2812 interior
440 2755 550 2830 gemitu
566 2755 727 2830 miseroque
741 2751 865 2812 tumultu
982 2778 986 2784 ·

100 2828 258 2905 Miscetur;
278 2830 452 2909 penitusque
466 2852 546 2892 cavae
557 2832 741 2909 plangoribus
755 2831 833 2888 redes

100 2908 259 2967 Foemineis
273 2910 401 2968 ululant:
422 2911 488 2969 ferit
502 2930 587 2969 aurea
600 2911 694 2968 sidere
706 2908 822 2966 clamor.
941 2947 945 2954 -

100 2985 177 3044 Tum
191 2988 303 3064 pavidae
318 2989 401 3049 tectis
414 2995 519 3046 matres
533 2987 698 3064 ingentibus
712 2994 816 3062 errent,

99 3064 310 3142 Amplexreqne
324 3075 424 3124 tenent
437 3076 545 3143 postes,
560 3075 644 3147 atque
657 3064 758 3124 osenla
770 3065 871 3140 figunt.

100 3141 192 3202 Instat
205 3144 235 3202 vi
247 3143 340 3223 patrii
352 3143 497 3220 Pyrrhus3
518 3164 574 3203 nec
589 3145 712 3203 claustra
724 3161 821 3220 neque
833 3139 890 3221 ipsi

99 3222 244 3280 Custodes
258 3221 376 3281 sufferre
390 3224 495 3282 valent.
537 3223 631 3282 Labat
643 3223 730 3281 ariete
744 3221 843 3281 crebro

98 3301 116 3358 J
118 3320 201 3375 anua,
216 3310 245 3359 et
258 3302 347 3360 emoti
360 3302 554 3378 procumbunt
567 3301 683 3361 cardine
696 3308 802 3379 postes.

99 3380 150 3440 Fit
161 3380 209 3438 via
221 3381 268 3453 vi;
292 3389 430 3458 rumpunt
443 3382 546 3457 aditus,
560 3381 726 3458 primosque
738 3379 884 3440 trucident

100 3457 226 3517 immissi
240 3460 347 3536 Danai,
362 3469 391 3519 et
404 3460 461 3518 late
476 3458 539 3518 loca
553 3459 643 3518 milite
657 3458 813 3536 complent.

99 3537 130 3594 N
131 3555 168 3595 ou
183 3537 233 3613 sic,
249 3539 400 3615 aggeribus
413 3540 504 3617 ruptis
518 3559 608 3616 quum
622 3557 760 3616 spumeus
775 3538 867 3598 amuis
885 3551 887 3555 ’
910 3572 913 3579 -

100 3615 192 3689 Exiit,
206 3617 408 3695 oppositasque
422 3619 509 3691 evicit
522 3618 632 3694 gurgite
646 3617 747 3694 moles,

99 3694 202 3752 Fertur
215 3695 245 3752 in
260 3715 327 3753 arva
340 3696 437 3756 furens
451 3692 577 3774 cumulo,
592 3716 767 3775 camposque
780 3715 834 3775 per
846 3712 947 3755 omnes
