2400 4178
441 222 446 229 ·
507 207 622 266 uana
638 199 690 265 IV.

107 354 200 416 Tecta
213 363 289 415 serat
300 351 359 415 lati
373 356 494 433 circum,
507 356 557 417 cni
568 358 638 417 talia
649 376 748 433 ουτως

108 433 124 493 1
145 453 177 493 se
190 433 288 493 labore
301 453 419 494 manum
432 435 505 495 duro
516 442 606 511 terat3
626 437 691 515 ipsc
704 437 814 497 feraces

133 513 194 590 igat
203 512 293 573 humo
305 512 428 591 plantas,
442 522 473 572 et
484 514 592 573 amicos
605 515 705 593 irrigat
715 516 832 575 imbres.

135 594 244 668 Atque
258 592 402 669 equidem,
417 601 546 651 extremo
559 593 590 652 ni
599 596 662 672 jam
675 594 728 653 sub
742 594 801 655 fine
813 594 945 655 laborum

107 666 185 728 Vela
197 668 319 746 traham,
332 677 362 753 et
375 671 457 729 terris
469 670 604 729 festinem
618 672 767 731 advertere
781 692 905 751 proram,

108 747 240 807 Forsitan
255 756 284 807 ct
296 749 418 826 pingues
432 750 529 807 hortos
543 768 606 826 quae
621 771 689 809 cura
701 751 818 811 colendi

109 825 232 885 Ornaret
245 846 388 903 canerem,
402 828 542 904 biferique
556 830 662 887 rosaria
674 829 764 888 Paesti
772 849 789 903 3⁴

110 904 233 982 Quoque
247 905 333 963 modo
346 908 422 983 potis
436 907 594 982 gauderent
606 907 706 983 intyba
718 908 797 984 rivis,

109 983 149 1042 Et
161 984 267 1042 virides
282 984 347 1060 apio
360 985 442 1061 ripae,
457 991 604 1060 tortusque
617 1004 670 1061 per
681 985 802 1044 barbam

110 1061 261 1119 Cresceret
273 1062 303 1119 in
316 1071 447 1120 ventrem
462 1062 607 1136 cucumis;
629 1081 684 1120 nac
699 1081 763 1121 sara
776 1072 938 1123 comantem

108 1139 289 1215 Narcissum,
305 1148 353 1197 aut
365 1140 435 1197 flexi
449 1142 603 1199 tacuissem
615 1141 714 1200 vimen
728 1142 852 1217 acanthi,

110 1216 314 1293 Pallentesque
328 1218 459 1292 hederas,
474 1225 503 1275 et
517 1226 646 1276 amantes
659 1220 754 1277 littora
766 1229 883 1297 myrtos.

149 1296 284 1371 Namque
299 1296 351 1353 sub
368 1296 494 1354 OEbaliae
509 1297 628 1354 memini
642 1316 689 1354 me
703 1297 826 1356 turribus
839 1298 922 1374 arcis,

110 1373 178 1445 Quia
191 1374 273 1449 niger
285 1373 432 1432 humectat
444 1374 580 1432 flaventia
593 1375 669 1431 culta
683 1376 824 1452 Galaesus,

110 1453 265 1528 Corycium
278 1452 385 1511 vidisse
399 1471 509 1526 senem,
524 1454 571 1510 cui
585 1472 678 1528 pauca
691 1453 783 1512 relicti

108 1531 126 1588 J
128 1551 216 1607 ugera
229 1530 300 1589 ruris
314 1540 410 1604 erant3
432 1550 487 1589 nec
500 1531 600 1588 fertilis
614 1532 663 1588 illa
672 1532 818 1610 juvencis,

109 1609 140 1668 N
142 1629 175 1666 ec
190 1610 288 1686 pecori
302 1618 463 1686 opportuna
476 1629 568 1685 seges,
583 1629 638 1667 nec
653 1611 805 1668 commoda
818 1609 946 1668 Baccho.

110 1687 169 1744 Hic
183 1706 277 1744 rarum
292 1689 432 1745 tamenin
446 1689 540 1744 dumis
555 1687 627 1762 olus,
643 1689 764 1765 albaque
778 1685 887 1745 circirm

110 1765 194 1839 Lilia,
208 1765 407 1841 verbenasque
420 1784 564 1841 premens,
578 1784 754 1842 vescumque
768 1785 905 1842 papaver,

109 1843 227 1918 Regum
242 1842 374 1919 aequabat
387 1862 458 1919 opes
472 1843 592 1915 animis,
614 1845 734 1920 serique
748 1852 894 1901 revertens

109 1922 207 1979 Nocte
222 1922 348 1995 domum,
364 1921 486 1998 dapibus
497 1939 612 1978 mensas
627 1922 764 1979 onerabat
776 1921 922 1997 inemptis.

109 1999 223 2056 Primus
238 2018 305 2057 vere
319 2019 423 2073 rosam,
438 2008 523 2075 atque
538 2008 674 2058 autumno
689 2018 806 2075 carpere
819 2016 923 2076 poma;

110 2078 151 2136 Et
164 2098 251 2154 quum
267 2079 353 2135 tristis
367 2078 461 2134 hiems
476 2078 633 2135 etiamnum
646 2078 749 2154 frigore
764 2096 834 2134 saxa

109 2156 279 2233 Rumperet,
295 2165 323 2214 et
337 2156 428 2232 glacie
442 2156 687 2214 cursus'fraenaret
701 2174 848 2233 aquarum,

110 2234 164 2291 Ille
179 2254 292 2292 comam
306 2234 400 2292 mollis
411 2237 472 2312 jam
486 2234 623 2292 tondebat
636 2234 796 2310 hyacinthi,

109 2312 254 2371 AEstatem
268 2313 444 2390 increpitans
459 2332 562 2388 seram,
577 2313 776 2389 zephyrosque
790 2319 943 2370 morantes.

110 2391 189 2466 Ergo
204 2391 305 2468 apibus
319 2391 395 2450 foetis
408 2392 487 2448 idem
502 2400 587 2467 atque
602 2392 736 2448 examine
750 2391 840 2448 multo

110 2468 226 2526 Primus
241 2469 395 2543 abundare,
411 2478 440 2526 et
453 2470 617 2546 spumantia
630 2488 733 2544 cogere
746 2469 852 2545 pressis

111 2546 204 2603 Mella
217 2547 309 2604 favis:
331 2547 373 2603 illi
387 2547 467 2622 tiliae,
482 2555 567 2623 atque
581 2547 725 2604 uberrima
738 2547 843 2622 pinus:

112 2625 248 2700 Quotque
262 2625 292 2681 in
306 2624 375 2681 flore
390 2642 466 2680 novo
479 2625 573 2700 pomis
588 2643 619 2681 se
632 2624 733 2682 fertilis
747 2624 829 2682 arbos

112 2702 258 2776 Induerat,
272 2702 392 2761 totidem
405 2710 542 2759 autumno
556 2710 667 2758 matura
679 2701 804 2759 tenebat.

113 2781 166 2839 Ille
181 2782 268 2839 etiam
283 2799 359 2838 seras
373 2780 403 2837 in
417 2798 532 2837 versum
547 2779 656 2837 distulit
669 2779 772 2853 ulmos,

111 2861 299 2936 Eduramque
312 2860 418 2936 pirum,
433 2866 463 2916 ct
476 2857 575 2934 spinos
585 2861 647 2935 jam
657 2876 751 2934 pruna
759 2857 897 2930 ferentes,

110 2939 233 3016 Jamque
248 2939 456 2996 ministrantem
470 2937 619 3013 platanum
633 2936 798 3013 potantibus
811 2935 936 2992 umbras.

111 3015 223 3075 Verirm
237 3017 302 3075 haec
315 3018 378 3094 ipse
393 3016 539 3093 equidem,
554 3015 653 3092 spatiis
667 3016 802 3073 exclusus
815 3013 940 3090 iniquis,

111 3097 265 3172 Praetereo,
281 3104 366 3172 atque
381 3095 444 3152 aliis
457 3102 523 3171 post
537 3114 583 3152 me
598 3095 784 3152 memoranda
797 3093 936 3168 relinquo.
961 3126 966 3134 ·

150 3176 239 3233 Nunc
253 3194 316 3251 age,
330 3183 444 3233 naturas
459 3173 561 3250 apibus
575 3192 645 3250 quas
658 3173 771 3250 Jupiter
784 3173 848 3249 ipse

111 3254 232 3312 Addidit
245 3254 416 3330 expediam:
438 3271 491 3329 pro
505 3252 562 3328 quai
577 3253 721 3327 mercede,
736 3269 857 3309 canoros

112 3332 252 3391 Curetum
266 3332 376 3390 sonitus
391 3331 618 3408 crepitantiaque
631 3349 689 3387 aera
702 3338 820 3405 secuta,

112 3410 228 3469 Dictaeo
243 3411 309 3469 coeli
323 3429 420 3486 regern
433 3407 541 3486 pavire
555 3409 608 3466 sub
623 3417 712 3467 antro.

114 3488 190 3547 Solae
205 3507 375 3547 communes
388 3496 480 3562 natos,
494 3489 638 3546 consortia
650 3496 727 3546 tecta

111 3565 202 3627 Urbis
215 3566 332 3641 habent,
347 3567 515 3642 magnisque
529 3567 637 3642 agitant
650 3566 704 3624 sub
717 3563 830 3640 legibus
844 3580 955 3640 aevum3

112 3646 155 3704 Et
166 3646 288 3723 patriam
303 3645 382 3719 solae,
397 3651 427 3702 et
439 3653 532 3702 certos
545 3644 653 3703 novire
667 3651 806 3721 penates:

112 3724 311 3802 venturaeque
324 3722 430 3782 hiemis
442 3742 596 3801 memores,
612 3731 711 3782 aestate
724 3720 852 3780 laborem
