2370 4176
100 182 139 255 14
163 199 170 215 ¹
443 180 722 247 BUCOLICORUM

141 330 245 409 Teque
258 329 330 387 adeo
345 327 433 385 decus
446 326 502 385 hoc
516 329 580 402 aevi,
595 335 624 385 te
639 328 766 403 consule,
780 328 874 405 inibit,

101 407 207 484 Pollio,
225 416 255 467 et
267 407 408 484 incipient
420 407 518 480 magni
530 407 688 483 procedere
703 426 833 464 menses:

101 486 147 545 Te
161 486 245 561 duce,
261 486 285 544 si
299 505 356 561 qna
368 492 487 542 manent
499 485 616 541 sceleris
630 483 753 559 vestigia
766 486 863 561 nostri,
960 495 963 499 ’

103 565 186 623 Irrita
197 563 336 642 perpetui
350 562 463 619 solvent
476 561 628 620 formidine
642 571 739 621 terras.

102 643 156 700 llle
171 643 258 701 deiim
271 642 360 700 vitam
375 641 505 716 accipiet,
521 641 652 716 dirisque
666 639 776 699 videbit

101 721 264 779 Permixtos
277 718 391 794 heroas,
405 719 507 796 etipse
521 719 667 776 videbitur
680 718 736 775 illis
744 738 753 791 3

101 799 298 874 Paestumque
312 805 393 871 reget
404 797 504 874 patriis
517 797 670 854 virtutibus
684 795 791 854 orbem.

141 878 181 935 At
193 876 245 934 tibi
259 876 361 953 prima,
375 894 456 952 puer,
471 874 551 932 nullo
566 875 736 934 munuscula
748 874 838 949 cultu,

101 954 239 1013 Errantes
252 955 375 1012 hederas
387 953 495 1031 passim
509 971 575 1009 cum
588 952 708 1010 baccare
722 953 806 1011 tellus

101 1032 257 1108 Mixtaque
266 1031 528 1090 ridenti'colocasia
540 1031 641 1089 fundet
655 1031 776 1088 acantho
790 1052 796 1088 :

102 1110 176 1185 Ipsae
190 1110 395 1169 lactedomum
409 1109 532 1169 reserent
546 1109 670 1168 distenta
683 1110 800 1185 capellae
820 1165 823 1171 .

101 1188 215 1260 Ubera;
238 1207 292 1245 nec
306 1206 425 1263 magnos
439 1197 569 1247 metuent
583 1197 711 1245 armenta
723 1188 839 1246 leones:

101 1265 169 1342 Ipsa
183 1265 234 1325 tibi
244 1266 364 1325 blandos
378 1265 500 1323 fundent
513 1265 657 1323 cunabula
671 1266 775 1324 flores:

101 1344 224 1402 Occidet
237 1352 266 1403 et
280 1363 408 1424 serpens,
424 1353 453 1401 et
465 1344 554 1402 fallax
567 1343 658 1401 herba
670 1345 777 1402 veneni
870 1378 873 1381 -

101 1422 240 1495 Occidet3
263 1423 414 1498 Assyrium
428 1420 515 1497 vulgb
530 1432 664 1480 nascetur
677 1442 831 1479 amomum.

140 1503 181 1558 At
194 1500 279 1558 simul
294 1500 413 1556 heroum
427 1500 528 1556 laudes
543 1508 573 1557 et
586 1500 661 1557 facta
673 1501 799 1576 parentis
827 1507 829 1512 '

99 1578 116 1634 J
119 1597 165 1634 am
178 1578 286 1653 legere,
299 1584 331 1635 et
344 1596 407 1654 qnae
422 1577 459 1634 sit
470 1579 578 1653 poteris
592 1597 765 1653 cognoscere
779 1579 885 1651 virtus3

53 1698 59 1709 .
101 1656 187 1713 Molli
200 1655 339 1732 paulatim
351 1655 488 1713 flavescet
501 1675 620 1732 campus
634 1657 728 1732 aristi,

102 1735 279 1811 incultisque
293 1733 399 1792 rubens
413 1734 552 1809 pendebit
565 1735 694 1792 sentibus
709 1754 774 1809 uva,

101 1813 142 1871 Et
156 1814 234 1870 durre
248 1833 370 1890 quercus
385 1812 528 1871 sudabunt
541 1814 652 1870 roscida
665 1813 760 1871 mella

100 1891 199 1949 Pauca
212 1900 310 1949 tamen
325 1892 464 1950 suberunt
475 1893 577 1968 priscae
590 1892 712 1967 vestigia
725 1890 842 1968 fraudis,

23 1971 25 1974 ’
102 1969 177 2040 Quae
191 1979 302 2028 tentare
316 1970 436 2030 Thetim
451 1970 567 2045 ratibus,
583 1989 646 2044 quaa
661 1971 778 2044 cingere
790 1971 878 2029 muris

102 2048 227 2125 Oppida,
242 2068 305 2123 quaa
314 2048 438 2127 jubeant
452 2048 547 2104 telluri
560 2048 828 2126 infinderesulcos:

101 2127 183 2184 Alter
197 2127 251 2185 erit
264 2135 326 2184 tum
340 2126 463 2202 Tiphys,
479 2125 610 2184 etaltera
626 2145 690 2202 quse
708 2127 796 2185 vehat
808 2127 888 2202 Argo

102 2205 241 2262 Delectos
254 2204 376 2262 heroas:
398 2211 485 2262 crunt
498 2205 584 2262 etiam
599 2204 687 2262 altera
699 2204 785 2280 bella,

102 2285 198 2359 Atque
210 2283 317 2341 iterum
332 2284 368 2340 ad
382 2284 501 2360 Trojam
512 2302 635 2358 magnus
649 2284 777 2341 mittetur
789 2283 927 2342 Achilles.

142 2362 230 2436 Hinc,
245 2361 295 2418 ubi
304 2363 367 2440 jam
380 2362 493 2418 firmata
505 2362 599 2419 virum
613 2370 642 2419 te
656 2361 756 2420 fecerit
770 2370 847 2438 aetas,

27 2464 32 2471 ·
102 2440 197 2519 Cedet
209 2448 239 2497 et
252 2439 315 2516 ipse
328 2438 400 2497 mari
413 2448 522 2516 vector,
536 2458 591 2497 nec
605 2441 721 2497 nautica
733 2441 818 2516 pinus

102 2517 230 2577 Mutabit
243 2537 372 2591 merces3
394 2518 488 2577 omnis
501 2517 574 2576 leret
586 2518 683 2576 omnia
697 2519 799 2578 tellus:

101 2597 133 2655 N
134 2615 171 2654 on
186 2604 290 2655 rastros
303 2597 427 2673 patietur
439 2597 555 2671 humus,
570 2616 629 2654 uon
643 2597 729 2655 vine‘a
742 2598 864 2670 salcem3

101 2675 251 2734 Robustus
266 2694 379 2752 quoque
388 2678 450 2755 jam
465 2676 551 2735 tauris
562 2677 633 2754 jugo
646 2675 739 2736 solvet
753 2686 863 2734 arator:

101 2753 168 2813 Nec
181 2755 275 2812 varios
289 2754 381 2813 discet
394 2754 508 2818 mentiri
522 2755 587 2812 lana
601 2755 729 2828 colorcs;

102 2833 169 2910 lpse
184 2834 236 2892 sed
249 2834 280 2891 in
293 2833 381 2910 pratis
396 2834 469 2890 aries
479 2836 540 2913 jam
555 2831 642 2890 suave
657 2833 771 2889 rubenti

102 2911 227 2986 Murice,
239 2913 300 2988 jam
315 2929 417 2968 croceo
431 2911 553 2968 mutabit
566 2910 674 2968 vellera
686 2911 763 2981 luto;

104 2990 212 3065 Sponte
227 2989 279 3046 sud
292 2989 570 3067 sandyxpascentes
583 2988 688 3047 vestiet
701 3006 798 3063 agnos.

142 3067 226 3124 Talia
239 3067 333 3140 saecla,
346 3066 408 3127 suis
423 3067 566 3140 dixerunt,
581 3067 695 3141 currite,
704 3065 781 3124 susis
840 3103 845 3108 -

96 3144 270 3202 Concordes
284 3143 378 3202 stabili
392 3145 515 3204 latorum
528 3145 646 3201 numine
659 3145 768 3203 Parcae.

142 3224 308 3299 Aggredere
323 3243 340 3280 o
354 3243 484 3300 magnos,
499 3222 589 3280 aderit
598 3225 663 3300 jam¹
673 3231 797 3299 tempus,
811 3220 946 3298 honores,

103 3300 179 3369 Caro
193 3301 282 3359 deirm
296 3301 420 3378 soboles,
435 3320 572 3377 magnum
585 3301 666 3358 Jovis
678 3301 905 3362 incrementum!

103 3381 230 3457 Adspice
244 3399 375 3438 convexo
389 3388 539 3440 nutantem
552 3380 679 3456 pondere
693 3381 844 3455 mundum,

103 3459 276 3544 Terrasque,
290 3467 455 3535 tractusque
469 3458 565 3533 maris,
580 3458 742 3535 coelumque
755 3458 946 3536 profundum

100 3538 241 3615 Adspice,
255 3545 378 3597 venturo
390 3539 525 3608 letentur
538 3546 570 3595 ut
583 3537 680 3594 omnia
693 3537 787 3596 saeclo.

144 3617 169 3675 Ο
184 3617 256 3674 mihi
269 3623 328 3674 tam
342 3616 435 3693 longae
449 3625 564 3690 maneat
576 3635 642 3692 pars
656 3616 756 3675 ultima
770 3615 847 3692 vitoe,

99 3695 227 3774 Spiritus
242 3702 279 3770 et,
294 3693 433 3772 quantirm
449 3705 492 3755 sat
506 3696 558 3754 erit
572 3703 621 3754 tua
634 3695 730 3754 dicere
744 3694 835 3753 facta!
