2400 4178
104 198 160 255 212
501 194 692 251 AENEIDOS.

106 344 236 421 Accessi,
251 353 280 404 et
292 344 415 423 cupidus
429 344 541 403 Phenei
555 344 609 403 sub
623 345 729 403 moenia
741 345 822 405 duxi.
1023 354 1097 411 m

107 425 162 483 llle
176 424 247 483 mihi
263 424 402 499 insignem
416 424 579 501 pharetram
593 424 755 499 Lyciasque
769 424 895 500 sagittas,

107 503 281 577 Discedens,
295 502 534 577 chlamydemque
548 520 617 559 auro
631 502 711 560 dedit
723 502 918 579 intertextam,

106 578 260 657 Frenaque
273 579 342 638 bina
355 598 438 637 meus
451 598 516 655 quae
530 598 608 637 nunc
621 579 710 637 hahet
723 599 808 638 aurea
820 580 926 639 Pallas.

107 658 187 733 Ergo
201 668 230 716 et
243 677 329 734 quam
342 658 439 735 petitia
449 660 551 735 juncta
563 665 608 714 est
621 656 693 714 mihi
706 656 813 716 fodere
826 659 945 719 dextra:

107 736 158 811 Et,
172 736 222 793 lux
236 733 462 811 quamprimum
477 735 558 793 terris
570 754 602 792 se
616 733 739 795 crastina
751 737 861 813 reddet,
1032 743 1096 797 170

106 814 227 872 Auxilio
238 814 319 879 laetos
334 814 484 888 dimittam,
499 813 660 889 opibusque
670 813 788 905 juvabo.

107 892 221 951 Interea
235 910 313 949 sacra
327 892 400 965 haec,
415 892 529 967 quando
542 890 599 948 huc
613 900 732 949 venistis
745 892 840 967 amici,

105 971 223 1043 Annua,
239 989 303 1044 quae
319 969 432 1026 dill'errc
445 970 535 1043 nefas,
550 968 694 1027 celebrate
708 969 836 1028 faventes

105 1048 278 1122 Nobiscum,
293 1056 322 1105 et
331 1050 392 1124 jam
407 1067 484 1106 nunc
498 1048 640 1105 sociomm
654 1048 809 1105 assuescite
823 1047 940 1106 mens'n.
1040 1110 1045 1117 ,

146 1125 220 1183 Haec
233 1126 283 1183 ubi
297 1127 382 1199 dicta,
397 1126 485 1200 dapes
495 1125 580 1203 jubet
593 1134 623 1182 et
635 1125 746 1181 sublata
759 1126 859 1202 reponi
1033 1132 1096 1186 175

105 1202 225 1277 Pocula,
239 1204 443 1279 gramineoque
457 1204 532 1260 viros
547 1203 623 1261 locat
636 1204 698 1279 ipse
712 1203 816 1277 sedili;
891 1218 895 1225 '

106 1282 346 1357 Praecipuumque
360 1289 421 1339 toro
435 1291 464 1340 ct
476 1281 570 1338 villosi
584 1281 660 1357 pelle
674 1280 766 1338 lconis

106 1360 221 1436 Accipit
234 1360 360 1436 AEueau,
374 1359 504 1435 solioque
518 1360 619 1416 inritat
631 1377 743 1415 acerno.

106 1437 184 1495 Tum
197 1436 265 1495 lecti
274 1440 398 1514 juvenes
412 1438 542 1495 certatim
557 1454 670 1513 araque
684 1437 816 1494 sacerdos

106 1516 227 1573 Viscera
240 1525 313 1573 tosta
326 1516 420 1572 semnt
432 1524 586 1588 tauromm,
601 1522 776 1589 onerantque
790 1514 922 1573 canistris
1025 1522 1097 1577 '18⁰

106 1594 193 1650 Dona
207 1592 340 1650 laboratae
356 1593 479 1667 Cereris,
494 1592 701 1667 Bacchumque
715 1592 885 1651 ministrant.

106 1670 242 1729 Vescitur
254 1671 375 1745 AEneas,
389 1670 473 1727 simul
487 1680 516 1727 ct
529 1670 656 1746 Trojano
664 1672 813 1748 juventus,

106 1748 242 1824 Perpetui
256 1759 336 1825 tergo
349 1748 432 1806 bovis
446 1756 475 1806 et
488 1747 652 1806 lustralibus
666 1749 749 1805 extis.

145 1827 302 1904 Postquam
318 1837 453 1903 exempta
466 1826 565 1901 fames,
580 1834 609 1885 et
622 1845 701 1883 emor
714 1843 894 1960 comqressus
908 1826 1030 1905 edendi,

105 1904 174 1962 Rex
188 1906 340 1963 Evandrus
355 1907 412 1963 ait:
435 1906 504 1963 Non
518 1906 580 1962 haec
594 1904 733 1962 solemnia
745 1923 783 1961 no
805 1905 838 1979 is,
1033 1911 1098 1966 185

106 1982 169 2041 Has
184 2002 221 2040 ex
235 2003 314 2041 more
329 1985 426 2060 dapes,
441 1983 515 2040 hanc
529 1984 600 2039 tanti
613 1982 739 2039 numinis
753 2001 841 2057 aram,

105 2060 191 2118 Vana
204 2063 367 2138 superstitio
381 2070 567 2134 retemmque
581 2060 679 2133 ignara
693 2059 812 2116 deorum

106 2138 265 2215 Imposuit:
287 2139 380 2213 scavis,
394 2138 499 2212 hospes
513 2137 647 2212 Trojane‚
661 2136 777 2210 periclis

107 2216 219 2274 Servati
232 2217 361 2289 iacimus,
376 2214 548 2289 meritosque
562 2232 700 2270 novamus
713 2213 847 2272 honores.

104 2294 168 2351 lam
182 2291 308 2370 primum
322 2293 398 2349 saxis
410 2310 578 2369 suspensam
591 2290 667 2348 hanc
681 2291 797 2369 adspice
811 2311 930 2371 rupcm3
1032 2302 1098 2359 100

105 2372 242 2448 Disjectae
256 2370 355 2447 procul
369 2379 401 2428 ut
415 2369 514 2444 moles,
529 2369 696 2446 desertaque
710 2371 815 2429 montis

106 2449 169 2506 Stat
182 2450 295 2525 domus,
309 2457 338 2508 et
352 2449 461 2525 scopuli
475 2450 622 2523 ingentem
635 2446 748 2506 traxere
762 2449 885 2507 ruinam

105 2526 165 2585 Hic
180 2527 321 2603 spelunca
333 2527 396 2603 fuit,
411 2536 491 2585 vasto
505 2525 639 2584 submota
652 2545 776 2603 recessu,

106 2605 311 2665 Semihominis
325 2607 397 2665 Caci
411 2605 499 2664 iacies
514 2625 599 2683 quam
615 2606 677 2664 dira
688 2604 814 2682 tenebat,

106 2684 182 2742 Solis
196 2685 372 2743 inaccessam
387 2685 491 2759 radiis3
513 2703 683 2762 semperque
697 2685 805 2743 recenti
1031 2692 1098 2748 195

105 2763 195 2821 Crede
209 2764 326 2840 tepebat
338 2764 464 2836 humus;
486 2764 651 2840 foribusque
666 2762 751 2820 affixa
764 2760 895 2842 superbis

106 2840 164 2898 Ora
177 2841 270 2898 virium
284 2843 356 2900 tristi
369 2841 535 2919 pendebant
547 2841 654 2917 pallida
666 2840 741 2897 tabo.

105 2918 184 2977 Huic
198 2929 325 2978 monstro
339 2919 488 2977 Vulcanus
502 2926 562 2977 erat
574 2926 675 2995 pater:
695 2906 862 2976 illinaQtros

105 2996 164 3054 Ore
177 3016 297 3055 vomens
311 2998 401 3072 ignes,
417 2997 520 3072 magud
534 3015 565 3054 se
580 2995 655 3053 mole
669 2995 787 3055 ferebat.

103 3074 210 3132 Attulit
223 3084 252 3132 et
265 3073 349 3132 nobis
363 3074 515 3150 aliquando
529 3073 692 3150 optantibus
706 3083 775 3133 aetas
1028 3083 1097 3141 200

103 3152 255 3210 Auxilium
269 3153 482 3228 adventumque
497 3152 563 3209 dei:
585 3172 651 3208 uam
667 3152 810 3210 maximus
823 3152 906 3227 ultor,

103 3229 272 3306 Tergemini
284 3248 357 3287 nece
372 3229 515 3305 Geryonae
529 3229 683 3305 spoliisque
697 3229 847 3306 superbus,

103 3308 222 3367 Alcides
237 3309 342 3383 adeum,
357 3315 508 3384 taurosque
522 3307 578 3364 hic
591 3308 682 3364 victor
695 3309 798 3383 ageba

105 3386 260 3463 lugentes3
281 3386 443 3462 vallemque
457 3387 545 3443 boves
559 3403 732 3461 amnemque
746 3387 891 3447 tenebant.
984 3456 987 3463 Ι

104 3467 144 3523 At
157 3465 238 3523 iuriis
252 3465 323 3525 Caci
337 3483 418 3522 meus
432 3463 529 3537 effera,
544 3482 581 3520 ne
595 3463 663 3538 quid
677 3464 811 3525 inausum
1030 3474 1100 3533 2⁰5

103 3543 164 3601 Aut
177 3543 358 3602 intractatum
372 3542 525 3601 scelerisve
538 3541 634 3599 dolive
647 3540 756 3618 fuisset,

106 3620 238 3690 Quattuor
252 3640 269 3678 a
282 3621 400 3679 stabulis
413 3620 559 3698 prestanti
573 3638 692 3696 corpore
705 3630 800 3680 tauros

103 3699 226 3775 Avertit,
239 3699 359 3758 totidem
373 3698 463 3757 iorrnt
477 3708 629 3775 superante
639 3702 802 3777 juvencas3
