2370 4176
117 186 156 243 ra
468 172 756 245 onoaorcoirmr

115 338 177 396 Ant
189 356 273 416 asper
284 335 385 396 arbro
397 335 556 415 imparibus
568 357 602 398 ss
614 337 772 397 inmiscuit
783 337 882 415 aruh,

115 418 178 475 Ant
190 416 286 475 dirum
299 417 386 476 tinec
398 435 502 493 genus,
515 426 565 475 aut
577 417 671 475 invisa
682 416 825 476 Minerva

115 494 214 553 Laxos
226 496 257 554 in
270 494 378 554 ionbus
390 494 543 573 suspendit
555 512 659 554 aranea
670 512 776 553 casses

115 572 185 645 Quo
197 570 289 650 magis
301 572 451 632 exhauste
465 573 580 648 tuerint,
593 572 651 631 hoc
664 568 759 632 acrids
771 591 874 632 omnes

116 650 290 711 lncnnbent
301 651 416 728 generis
428 651 502 729 lapsi
515 651 619 709 sarcire
633 651 742 726 ruinas,

113 722 368 807 complebuntque
380 724 467 806 foros,
481 738 511 788 ct
522 729 641 788 floribus
654 729 758 787 horrea
770 737 879 789 texeat
895 781 900 790 .

153 807 185 865 st
198 805 278 885 verd,
291 809 429 885 quoniam
443 827 528 866 casus
542 808 645 886 apibus
658 827 773 884 quoque
786 816 899 867 nostros

112 882 183 943 Vita
195 885 271 963 tulit,
285 887 358 945 tristi
370 886 549 963 languebunt
562 905 681 963 corpora
694 885 804 961 morbo,

113 961 200 1033 Quod
210 966 272 1042 jam
287 983 346 1023 non
360 964 455 1027 dubiis
467 965 576 1042 poteris
589 983 762 1041 cognoscere
775 964 884 1041 signis:

111 1040 259 1100 Continud
275 1053 320 1102 est
333 1045 417 1119 egris
431 1043 504 1101 alius
518 1043 615 1116 oolor;
638 1042 754 1101 horrida
765 1043 878 1103 vultum

111 1119 264 1179 Deformat
278 1122 407 1196 macies;
428 1132 490 1180 tum
504 1141 623 1199 corpora
635 1122 702 1180 luce
715 1121 864 1181 carentdm

112 1197 278 1277 Exportant
290 1200 386 1276 tectis,
399 1208 429 1258 et
442 1201 533 1259 tristia
545 1199 647 1258 funera
660 1200 789 1272 ducunt;

112 1278 173 1336 Aut
186 1277 243 1335 illae
257 1279 381 1355 pedibus
394 1298 534 1338 connexas
550 1279 585 1336 ad
600 1279 701 1336 limina
713 1277 860 1355 pendent;

112 1357 175 1414 Aut
188 1357 265 1414 intus
278 1357 384 1415 clausis
397 1366 568 1416 cunctantur
581 1358 610 1414 in
626 1356 736 1414 sedibus
749 1374 860 1431 omnes,

113 1432 289 1569 Quumque
303 1436 389 1510 fame,
404 1445 434 1494 et
442 1444 592 1493 contracto
605 1435 708 1509 frigore
720 1434 827 1510 pigne3

163 1533 192 1570 m
206 1532 292 1571 sonus
307 1514 421 1572 auditur
433 1515 553 1588 gravior,
568 1513 737 1587 tractimque
751 1521 916 1572 susurrant:

112 1588 249 1665 Frigidus
263 1600 295 1649 ut
307 1592 453 1667 quondam
467 1591 547 1648 silvis
561 1590 761 1648 immurmurat
775 1601 879 1666 auster,

113 1666 156 1727 Ut
169 1688 247 1727 mare
261 1669 416 1728 sollicitum
430 1669 523 1728 stridit
536 1668 722 1727 refluentibus
736 1669 831 1745 undis,

112 1744 229 1805 AEstuat
242 1756 274 1806 ut
287 1746 393 1807 clausis
406 1747 522 1825 rapidus
535 1746 700 1806 fornacibus
713 1747 797 1823 ignis.

114 1823 173 1884 Hic
183 1827 245 1903 jam
260 1825 415 1903 galbaneos
429 1826 558 1885 suadebo
571 1827 727 1885 incendere
741 1827 853 1902 odores,

113 1903 262 1981 Mellaque
276 1906 441 1965 arundineis
454 1905 558 1964 inferre
572 1904 729 1979 canalibus,
743 1904 816 1962 ultro

113 1980 296 2059 Hortantem,
311 1992 340 2043 at
353 1984 442 2043 fessas
456 1984 492 2041 ad
503 1983 610 2060 pabula
623 1991 691 2042 nota
704 1991 866 2041 vocantem.

112 2060 245 2120 Proderit
258 2071 287 2120 et
300 2071 416 2121 tunsum
430 2061 513 2137 gallae
528 2061 685 2118 admiscere
699 2080 841 2137 saporem,

112 2140 293 2217 Arentesque
308 2160 395 2211 rosas,
410 2148 459 2197 aut
471 2138 530 2212 igni
544 2139 665 2214 pinguia
677 2139 768 2197 multo

112 2216 243 2290 Defruta,
257 2217 304 2275 vel
317 2217 433 2294 psythis
445 2235 545 2293 passos
559 2216 596 2273 de
609 2216 668 2274 site
681 2235 820 2291 racemos,

112 2294 342 2386 Cecropiumque
356 2296 497 2372 thymum,
512 2301 542 2351 et
555 2292 641 2369 grave
656 2294 763 2353 olentia
776 2301 940 2352 centaurea.

111 2372 167 2430 Est
180 2382 265 2430 etiam
279 2373 332 2432 flos
345 2374 375 2431 in
389 2374 486 2450 pratis,
501 2372 550 2430 cui
564 2392 672 2431 nomen
685 2373 792 2432 amello
813 2439 818 2452 .

111 2448 223 2508 Fecere
237 2452 380 2529 agricolae,
395 2451 488 2511 facilis
502 2451 696 2528 quaerentibus
710 2451 818 2525 herba3

111 2528 245 2606 Namque
259 2550 317 2588 uno
330 2532 478 2608 ingentem
492 2529 565 2589 tollit
578 2531 615 2589 de
629 2531 739 2610 cespite
753 2530 866 2606 silvam,
892 2578 894 2583 .

110 2607 223 2666 Aureus
237 2609 309 2687 ipse,
324 2613 376 2669 sed
389 2610 419 2668 in
431 2610 516 2686 soliis,
530 2629 594 2688 quae
608 2610 733 2688 plurima
746 2607 856 2670 circbm

110 2685 294 2766 Funduntur,
308 2690 393 2748 violae
407 2689 540 2749 sublucet
552 2709 679 2767 purpura
691 2691 789 2766 nigrae.

112 2765 197 2845 Saepd
212 2768 300 2827 decim
313 2770 397 2830 nexis
410 2777 517 2828 ornatae
531 2769 680 2846 torquibus
694 2787 759 2827 aroe.

110 2849 206 2923 Asper
218 2848 248 2905 in
263 2867 311 2906 ore
326 2868 417 2926 sapor.
460 2847 566 2905 Tonsis
579 2848 609 2904 in
624 2846 746 2904 vallibus
759 2844 841 2903 illum

110 2925 244 2983 Pastores
258 2934 288 2983 et
301 2945 389 2983 curva
401 2925 502 2999 legunt
514 2943 603 3001 prope
615 2924 737 2981 flumina
749 2922 859 2980 Mellae.

111 3003 208 3079 Hujus
223 3004 339 3061 odorato
353 3003 464 3061 radices
477 3002 601 3078 incoque
615 3000 743 3073 Baccho,

109 3079 277 3156 Pabuiaque
291 3081 321 3138 in
334 3079 443 3138 foribus
455 3079 550 3155 plenis
564 3097 676 3156 appone
690 3076 829 3136 canistris.

151 3158 209 3216 Sed
223 3158 248 3215 si
262 3177 348 3234 quem
362 3157 457 3235 proles
470 3154 566 3216 subitd
581 3155 718 3215 defecerit
731 3154 833 3230 omnis,

110 3236 141 3295 N
143 3255 176 3294 ec
191 3254 282 3312 genus
296 3236 374 3303 unde
387 3254 471 3294 novae
486 3235 582 3311 stirpis
595 3241 747 3293 revocetur
759 3231 887 3308 habebit,

111 3315 242 3393 Tempus
253 3322 282 3374 et
294 3315 411 3374 Arcadii
424 3315 610 3373 memoranda
622 3313 741 3371 inventa
753 3311 881 3387 magistri

110 3394 251 3470 Pandere,
266 3412 379 3472 quoque
393 3394 480 3452 modo
494 3392 577 3451 caesis
586 3394 648 3471 Jam
662 3387 740 3467 saepd
750 3390 885 3468 juvencis

111 3472 276 3532 insincerus
290 3492 358 3550 apes
371 3470 470 3531 tulerit
482 3490 573 3530 cruor.
614 3465 710 3528 Altius
724 3488 840 3528 omnem

110 3551 284 3628 Expediam‚
298 3551 391 3629 primd
405 3558 538 3628 repetens
552 3549 588 3607 ab
602 3548 722 3624 origine,
735 3547 852 3607 famam.

109 3630 188 3688 Nam
202 3630 260 3705 qud
274 3630 376 3688 Pellaei
390 3649 460 3706 gens
473 3628 615 3686 fortunata
627 3623 710 3686 Cano
730 3626 741 3684 i
773 3643 777 3650 ·

112 3708 225 3766 Accolit
238 3707 331 3766 effuso
345 3715 525 3785 stagnantem
538 3706 657 3766 flumine
723 3725 783 3784 um,
