2400 4178
514 203 630 259 LIBER
648 205 698 260 VI.
1045 220 1098 278 179

114 347 326 427 Euadneuque,
341 356 370 410 et
382 345 556 430 Pasiphaen.
599 352 656 414 His
670 355 827 417 Laodamia

115 429 142 487 It
155 447 269 502 eomes;
291 434 321 488 et
328 428 447 508 juvenis
461 431 617 508 quondam,
631 452 709 493 nuuc
722 434 849 516 foemiua,
864 438 972 521 Olenia,

113 507 225 566 Rursus
239 507 312 568 etin
324 517 452 568 veterem
465 511 523 569 sato
537 512 668 572 revoluta
680 513 810 591 liguram.

115 585 277 662 Interquas
289 584 557 648 Phronissarecens
571 591 814 654 avulnereDido
1038 607 1097 665 450

114 663 237 723 Errabat
249 662 322 724 silvd
335 664 365 726 iu
379 668 502 743 magud:
525 688 612 744 quam
625 669 732 730 Troius
745 671 831 734 heros

114 741 157 802 Ut
168 739 294 820 primum
301 743 388 823 Juxta
400 746 488 821 stetit,
504 748 676 825 agnovitque
689 768 742 828 per
754 751 885 814 umbram

114 820 284 897 Obscuram,
298 823 411 899 qualem
425 824 518 901 primo
532 826 581 902 qui
595 846 711 902 surgere
724 848 825 890 mense

112 901 174 958 Aut
186 900 266 959 videt
280 909 328 959 aut
340 902 448 961 vidisse
461 911 543 980 putat
555 922 608 980 per
620 906 720 965 nubila
732 907 841 985 lunam,
984 943 989 950 ·

112 978 240 1037 Demisit
252 979 402 1056 lacrymas,
418 981 552 1056 dulcique
567 981 669 1040 affatus
683 1003 780 1042 amore
793 995 854 1045 est:
1039 998 1098 1054 455
1146 1058 1150 1063 .

113 1061 219 1120 Infelix
233 1061 321 1136 Dido,
335 1079 420 1119 verus
434 1060 507 1120 mihi
517 1062 637 1121 nuntius
650 1081 719 1139 ergo

112 1139 242 1197 Venerat
255 1139 420 1215 extinctum,
434 1138 565 1216 ferroque
579 1148 709 1199 extrema
721 1144 869 1202 secutam!

112 1216 247 1292 Funeris,
260 1216 338 1275 heu!
360 1216 412 1276 tibi
426 1236 512 1276 eausa
524 1218 584 1276 fui!
624 1218 683 1277 Per
696 1219 792 1279 sidera
800 1223 877 1301 juro,

112 1294 169 1352 Per
183 1313 311 1372 superos,
325 1303 355 1353 et
368 1295 392 1353 si
406 1315 463 1372 qua
475 1296 548 1354 fides
560 1296 664 1355 tellure
677 1298 730 1357 sub
744 1299 804 1358 imi
817 1307 871 1376 est,
1175 1366 1178 1370 ,

113 1373 236 1448 Invitus,
251 1373 359 1449 regina,
373 1381 423 1432 tuo
437 1374 474 1431 de
488 1375 582 1433 littore
596 1376 679 1434 cessi.
1034 1383 1094 1439 400

112 1452 170 1509 Sed
185 1470 232 1509 me
240 1455 323 1530 jussa
335 1450 432 1526 deirm,
447 1471 512 1528 quae
526 1472 605 1511 nunc
618 1453 671 1512 has
684 1455 726 1511 ire
738 1473 792 1531 per
803 1455 929 1532 umbras,

110 1530 168 1588 Per
180 1530 244 1588 loca
257 1537 339 1588 senta
352 1530 408 1588 situ
421 1539 537 1606 coguut,
552 1540 726 1610 noctemque
738 1533 921 1612 profundam,

111 1608 244 1684 Imperiis
257 1606 343 1684 egere
357 1609 435 1683 suis3
450 1628 505 1667 nee
520 1610 637 1667 eredere
650 1612 730 1687 quivi

111 1686 200 1744 Hunc
212 1694 323 1745 tautum
336 1685 389 1745 tibi
403 1690 450 1744 m'e
464 1687 592 1745 discessu
605 1688 679 1747 serre
692 1690 829 1748 dolorem.
885 1759 889 1764 ,
999 1724 1002 1729 ·

112 1764 188 1822 Siste
202 1765 330 1840 gradum,
344 1774 431 1839 teque
445 1764 582 1841 adspectu
596 1784 634 1822 ue
646 1766 782 1825 subtrahe
795 1777 902 1828 nostro.
1034 1773 1093 1828 465

112 1842 209 1912 Quem
223 1842 321 1917 fugis?
342 1851 502 1900 extremum
517 1842 574 1901 fato
589 1844 666 1919 quod
679 1852 708 1902 te
722 1844 851 1920 alloquor
864 1847 920 1906 hoe
934 1856 987 1907 est

111 1920 233 1978 Talibus
247 1921 358 1978 AEneas
373 1920 520 1978 ardentem
535 1929 564 1978 et
577 1928 657 1979 torva
669 1929 799 1981 tuentem

110 1998 234 2057 Lenibat
247 1999 331 2058 dietis
345 1998 483 2073 animum,
497 1998 695 2076 lacrymasque
710 2000 812 2060 ciebat.

110 2077 165 2134 Illa
178 2078 240 2135 solo
253 2076 327 2136 fixos
341 2078 704 2153 oeulos1aversateuebat3

109 2155 141 2213 N
142 2174 175 2215 ec
189 2152 280 2232 magis
293 2156 409 2234 incepto
422 2157 535 2216 vultum
549 2176 681 2216 sermone
695 2166 836 2234 movetur,
1034 2164 1093 2219 470

110 2232 209 2304 Qulm
223 2236 247 2292 si
260 2236 331 2294 dura
344 2235 417 2293 silex
431 2244 480 2294 aut
493 2243 549 2294 stet
562 2236 710 2314 Marpesia
723 2245 830 2295 cautes.

109 2313 242 2371 Tandem
256 2314 328 2372 eorri
348 2313 391 2372 uit
404 2332 477 2391 sese,
493 2323 577 2390 atque
590 2314 708 2373 inimica
721 2316 825 2392 refugit

110 2390 144 2447 Iu
159 2409 260 2448 nemus
274 2334 469 2466 umeriserum,
484 2395 592 2469 conjux
606 2392 657 2450 uhi
670 2393 806 2468 pristinus
820 2394 862 2451 illi

109 2468 279 2544 Respondet
292 2469 376 2542 curis,
391 2478 543 2544 aequatque
558 2469 697 2544 Sychaeus
712 2489 848 2528 amorem.

110 2547 175 2604 Nec
189 2541 285 2602 minus
298 2545 410 2602 AEneas
424 2563 492 2602 casu
505 2565 659 2622 percussus
671 2547 771 2623 iniquo
1032 2555 1092 2609 475

108 2623 296 2700 Prosequitur
308 2622 470 2698 lacrymans
483 2620 580 2696 longe,
595 2631 625 2680 et
637 2623 787 2681 miseratur
800 2633 927 2683 euntem.

150 2703 222 2760 Inde
236 2701 335 2759 datum
350 2699 465 2758 molitur
477 2699 548 2758 iter:
565 2701 686 2776 jamque
700 2719 766 2757 arva
779 2700 916 2759 tenebant

109 2781 230 2856 Ultima,
245 2799 310 2856 quae
324 2779 402 2837 hello
416 2777 485 2836 clari
499 2785 610 2836 secreta
622 2777 813 2853 frequentant

94 2859 167 2920 ,Hie
180 2859 224 2918 illi
238 2857 361 2917 occurrit
374 2857 504 2934 Tydeus,
518 2855 567 2914 hic
580 2856 704 2933 inclytus
718 2857 803 2916 armis

107 2938 345 3033 Parthenopaeus,
361 2944 390 2994 et
402 2935 522 2994 Adrasti·
531 2935 665 3012 pallentis
678 2935 782 3011 imago.
1033 2940 1092 2995 400

108 3017 168 3077 Hic
183 3017 308 3077 multum
321 3015 382 3074 fleti
395 3014 432 3073 ad
446 3033 574 3092 superos,
588 3013 723 3092 belloque
737 3012 849 3089 caduci,

107 3096 302 3169 Dardanidae3
323 3113 397 3172 quos
409 3093 460 3152 ille
473 3112 574 3151 omues
587 3093 674 3168 longo
688 3092 788 3152 ordine
802 3109 934 3168 cernens,

109 3176 273 3251 Ingemuit;
295 3174 505 3248 Glaucumque,
521 3172 729 3248 Medontaque,
745 3170 1035 3249 Thersilochumque,

108 3253 182 3311 Tres
196 3252 399 3327 Antenoridas,
414 3251 572 3328 Cererique
585 3269 698 3309 sacrum
711 3250 914 3328 Polyphoeten,

109 3331 277 3407 Idaeumque
290 3330 378 3388 etiam
392 3348 500 3404 currus,
516 3329 603 3388 etiam
618 3349 704 3403 arma,
719 3338 876 3388 tenentem.
914 3334 917 3339 ’
1033 3332 1092 3385 485

108 3410 303 3468 Circumstant
313 3406 416 3466 animae
430 3408 531 3467 dextris
543 3408 675 3484 laevaque
688 3409 862 3484 frequentes.

108 3488 140 3547 N
141 3506 175 3546 ee
188 3487 296 3546 vidisse
310 3485 399 3544 semel
414 3483 482 3544 sutis
496 3495 558 3545 est:
575 3489 763 3566 juratusque
778 3485 891 3559 morari,

109 3566 151 3625 Et
164 3565 293 3624 conferre
307 3564 437 3639 gradum,
452 3572 482 3622 et
494 3565 631 3623 veniendi
645 3566 757 3624 discere
771 3583 880 3623 causas.

108 3646 149 3703 At
163 3643 298 3703 Danadm
310 3660 454 3720 proceres,
467 3643 766 3720 Agamemnoniaeque
778 3642 948 3720 phalanges,

109 3724 153 3785 Ut
165 3721 266 3782 videre
279 3722 374 3781 virum
387 3719 587 3798 fulgentiaque
600 3720 883 3801 armaperumbru,
1034 3725 1093 3779 400

807 3852 817 3859 “
844 3856 868 3903 Ι,Α
