2400 4178
139 196 195 251 ‘222
545 196 728 251 AExnlnos

140 344 205 402 Jam
219 356 330 422 poterat
343 345 429 421 legio,
444 357 473 403 et
488 345 552 402 latis
565 344 702 403 tendebat
715 345 745 402 in
760 346 844 405 arvis.

142 424 209 481 Huc
223 434 303 500 pater
316 424 426 480 AErreas
440 434 468 481 et
481 422 559 479 bello
571 424 646 479 lecta
654 426 792 500 juventus

143 503 316 573 Suet-edunt,
331 502 455 577 fessique
469 512 498 559 et
512 522 601 577 equos
614 510 645 559 et
657 519 777 577 corpora
790 512 899 579 curant.

181 584 219 637 ,lt
235 580 334 636 l'enus
347 579 480 637 aedrerios
494 582 568 637 iuter
580 580 636 636 dea
647 580 771 638 candida
783 580 899 639 nimbos

141 657 227 714 Dona
240 658 334 713 serens
349 658 462 715 aderat:
484 668 640 731 natumque
654 656 684 713 in
698 655 773 714 valle
787 659 905 717 reducti

141 736 183 793 [q
196 735 294 811 procul
309 735 422 805 egelido
437 746 579 793 secretum
593 734 713 791 tlumine
727 736 829 813 vidie,
933 766 940 777 ·
1075 747 1137 801 61⁰

110 846 118 867 ι
141 812 260 870 Talibus
275 812 360 869 allata
373 825 416 871 est
430 814 523 886 dietis,
538 831 627 888 seque
641 812 744 870 obtulit
756 814 848 873 ultro:

142 890 187 947 En
203 890 329 966 perlecta
342 892 399 947 mei
433 892 553 947 romissa
565 890 696 967 conjugis
710 900 770 949 arte

140 968 283 1025 Munera:
306 988 343 1026 ne
357 911 432 1103 rpdri
439 978 488 1027 aut
498 971 667 1041 Laurentes,
681 980 758 1043 nate,
772 968 922 1047 superbos,

140 1050 200 1103 Ant
215 1067 308 1103 nerem
323 1048 361 1103 du
384 1048 438 1106 ites
452 1049 482 1104 in
496 1048 596 1123 praelia
608 1066 728 1123 poscere
742 1047 884 1105 Turnum.

141 1126 233 1198 Dixit,
248 1136 276 1183 et
291 1125 441 1202 amplexus
454 1127 512 1182 nati
527 1126 673 1201 Cytherea
685 1125 806 1202 perivit:
1074 1134 1136 1191 615

140 1206 229 1259 Arma
243 1204 297 1259 snb
312 1204 429 1259 adversi
443 1205 540 1279 posuit
554 1204 693 1261 radiantia
706 1222 823 1280 quercu.

142 1280 194 1337 llle
209 1283 270 1338 den·
281 1282 369 1349 ,donis
382 1292 411 1339 et
425 1292 504 1340 tanto
518 1282 602 1339 latus
615 1282 724 1339 bonore

141 1360 262 1435 Expleri
276 1360 385 1435 nequit,
400 1370 486 1435 atque
500 1358 598 1417 oeulos
611 1380 663 1437 per
676 1358 788 1435 singula
801 1358 911 1433 volvit,

141 1438 328 1513 Miraturque,
343 1439 473 1513 interque
487 1458 588 1496 manus
602 1449 631 1495 et
644 1437 762 1494 brachia
774 1447 868 1496 versat

140 1514 311 1572 Terribilem
327 1517 419 1573 cristis
432 1517 543 1589 galeam
556 1516 743 1590 flammasque
756 1526 942 1589 vomentem,
1073 1527 1136 1580 620

140 1592 353 1667 Fatiserunrqne
368 1613 467 1650 ensem
480 1614 488 1665 ;
509 1593 626 1650 loricam
642 1612 679 1650 ex
694 1612 750 1651 rere
764 1593 916 1668 rigentem,

141 1672 345 1746 Sanguineam,
360 1672 515 1745 ingentem,
530 1672 621 1747 q'ualis
635 1691 724 1748 quum
738 1672 845 1753 crepula
857 1672 953 1731 nubes

141 1750 216 1805 Solis
232 1750 385 1807 inardescit
399 1751 485 1808 radiis
498 1748 643 1825 longeque
657 1749 797 1825 refulget3

140 1827 218 1883 Tum
233 1828 311 1885 leves
325 1846 422 1903 ocreas
437 1829 543 1907 electro
557 1847 682 1905 auroque
695 1838 819 1904 recocto,

140 1904 329 1983 Hastamque,
343 1918 374 1971 ot
387 1908 482 1985 clypei
496 1928 554 1965 non
569 1907 726 1966 enarrabile
740 1914 861 1965 textum.
1077 1917 1137 1970 625

141 1983 203 2041 lllie
218 2005 262 2041 res
279 1985 373 2058 ltulas,
386 1985 642 2062 Romanorumque
656 1984 824 2061 triumphos,

140 2062 227 2119 llaud
242 2056 339 2121 vntum
355 2064 480 2137 ignarus,
494 2066 665 2139 venturique
679 2064 787 2121 inscius
800 2063 865 2139 aeni,
976 2080 985 2099 ·

139 2140 260 2198 Fecerat
274 2142 454 2216 ignipotens3
475 2141 534 2198 illic
548 2158 639 2215 genus
652 2159 738 2199 omne
751 2139 853 2198 futuroe

141 2218 241 2293 Stirpis
256 2219 292 2274 ab
306 2219 443 2291 Ascanio,
457 2228 640 2294 pugnataque
654 2220 684 2275 in
699 2219 798 2276 ordine
812 2219 899 2277 bella.

100 2348 108 2363 ,
138 2295 261 2353 Fecerat
274 2306 303 2353 et
316 2296 400 2353 viridi
413 2296 510 2353 saetam
525 2296 664 2355 Mavortis
677 2298 707 2354 in
722 2307 802 2356 antro
1077 2309 1137 2363 630

138 2372 333 2431 Procubuissc
347 2374 462 2450 luparu3
484 2374 614 2450 geminos
628 2375 698 2433 huie
712 2376 803 2434 ubera
815 2375 925 2433 circum

138 2451 254 2508 Ludere
268 2453 427 2528 pendentes
441 2472 554 2530 pueros,
569 2461 599 2511 et
611 2454 738 2512 lambere
751 2462 872 2513 manem

140 2529 322 2605 lmpavid0s3
345 2532 423 2589 illam
437 2532 519 2591 tereti
534 2533 647 2590 cervice
661 2533 799 2590 reflexam
841 2551 845 2557 ·

138 2608 272 2666 Mulcere
286 2610 419 2685 alternos,
434 2619 464 2669 et
477 2630 595 2687 corpora
607 2611 717 2686 fingere
729 2608 837 2685 lingui.

138 2686 169 2743 N
171 2706 203 2743 ec
218 2708 285 2763 proc
307 2690 315 2745 l
329 2690 397 2747 hine
411 2691 546 2763 Romam,
562 2698 591 2748 et
603 2699 697 2768 raptas
711 2690 774 2747 sine
787 2706 866 2745 more
881 2686 1010 2751 Sabinae
1076 2702 1138 2759 635

139 2709 406 2843 Consessrllcaveae,
422 2769 534 2845 magnis
548 2768 734 2827 Circensibus
748 2766 829 2840 aetia,

138 2844 314 2922 Addiderat3
336 2844 490 2922 subitdque
504 2866 609 2904 novum
624 2863 794 2921 consurgere
808 2843 917 2902 bellum
1042 2920 1047 2927 Ι

138 2921 311 2998 Romulidis,
326 2924 468 2999 Tatioque
482 2925 555 2998 seni,
571 2925 753 3001 Curibusque
767 2922 889 2981 severis.

137 2996 209 3056 Prist
221 3000 309 3073 idem,
323 3006 399 3057 inter
411 3020 442 3058 se
455 3001 548 3076 posito
563 3005 727 3078 certamine,
742 3020 824 3077 reges
955 3006 959 3014 '

137 3076 247 3135 Armati
261 3077 341 3135 Jovis
356 3085 421 3135 ante
435 3097 522 3151 aram,
536 3089 706 3157 paterasque
721 3091 861 3154 tenentes,
896 3088 901 3095 '
1074 3094 1138 3147 640

139 3153 267 3229 Stabant,
282 3164 311 3214 et
324 3155 400 3213 caesti
410 3156 571 3233 jungebant
583 3158 691 3215 soedera
703 3159 798 3233 porcia.

138 3232 226 3289 Haud
240 3234 338 3309 procul
352 3233 429 3307 inde,
444 3234 508 3290 eitae
522 3234 648 3292 Metium
662 3235 691 3291 in
706 3232 819 3294 diversa
832 3235 982 3313 quadriga

138 3310 326 3385 Distulerant,
346 3309 389 3387 (at
402 3320 432 3368 tu
447 3311 539 3384 dietis,
554 3312 677 3386 Albane,
691 3332 821 3371 maneres
835 3313 859 3392 l)

138 3389 340 3465 Raptabatque
354 3389 407 3446 viri
421 3389 569 3447 mendacis
581 3390 694 3447 uiscera
707 3391 810 3450 Tullus
1012 3450 1017 3457 ,

138 3466 196 3524 Per
210 3467 321 3542 silvam,
336 3476 365 3526 et
378 3468 467 3544 sparsi
482 3468 613 3526 rorabant
626 3470 766 3544 sanguine
779 3488 893 3547 vepres.
1073 3483 1134 3539 645
1188 3454 1190 3507 l

138 3544 203 3602 Nec
218 3564 275 3603 non
290 3545 478 3623 Tarquinium
492 3547 619 3623 ejectum
632 3546 761 3606 Porsena
769 3548 892 3626 jubebat

21 3648 26 3657 ·
137 3622 289 3699 Accipere,
303 3625 470 3702 ingentique
484 3623 583 3681 urbem
598 3624 747 3683 obsidione
761 3626 931 3703 premebat:

138 3699 280 3760 AEneadae
293 3702 324 3762 in
337 3703 443 3763 serrum
456 3721 507 3782 pro
521 3701 651 3763 libertate
665 3703 796 3765 ruebant.
