2400 4178
105 218 158 278 &id
493 219 674 277 AErtfflnos

106 369 171 429 Nec
184 379 213 427 te
226 377 319 427 tentus
332 368 397 426 edat
410 368 523 427 tacitam
538 369 634 442 dolor;
656 369 769 428 etmihi
782 384 860 429 curte
927 375 930 381 '

108 445 192 525 Saepd
206 457 255 506 tuo
269 447 345 505 dulci
358 448 450 505 tristes
463 466 500 504 ex
513 467 561 505 ore
575 457 728 506 recursent.

107 527 236 584 Ventum
251 526 286 583 ed
299 544 463 602 supremum
476 535 527 583 est.
568 525 665 583 Terris
679 527 783 602 agitare
796 527 843 586 rel
856 527 941 586 undis

108 603 246 663 Tro'enos
258 605 384 681 potuisti,
398 604 543 661 insendum
558 605 713 662 accendere
726 604 844 680 bollum,

108 624 272 740 Detbrmare
286 683 410 756 domum,
424 690 454 740 et
465 681 544 740 luctu
559 683 679 740 miscere
694 682 877 760 hymeneos:
1012 690 1075 744 805

108 759 235 821 Ulterius
248 769 355 818 tentare
369 770 443 818 veto.
484 761 533 819 Sic
544 761 655 838 Jupiter
668 779 763 819 orsus:

109 838 156 896 Sic
170 839 224 895 den
237 839 375 897 submisso
389 836 486 897 contri
502 839 634 898 Saturnis
646 826 746 897 uultu:

108 917 166 974 Iste
179 917 293 992 quidem
308 919 373 994 quie
386 926 453 975 noto
465 916 536 977 mihi
548 926 607 991 trrtq
621 936 733 994 magne,
747 919 887 995 voluntas,

106 995 224 1070 Jupiter,
239 1004 267 1053 et
280 995 409 1053 Turnum
423 1005 451 1053 et
464 1005 550 1053 terras
563 995 652 1053 iuvita
664 996 773 1072 reliqui.

107 1073 137 1131 N
139 1092 171 1130 ec
185 1082 215 1131 tu
229 1093 276 1131 me
291 1075 367 1132 ceriti
381 1074 468 1131 solem
483 1093 558 1131 nuuc
572 1075 640 1131 sede
654 1074 765 1134 videres
1012 1080 1073 1132 810

107 1151 210 1227 Digna,
224 1152 348 1227 indiguo,
362 1153 439 1229 peti;
461 1153 510 1210 sed
524 1152 645 1209 flammis
659 1153 752 1211 cinctu
765 1153 817 1212 sub
831 1154 922 1231 ipsam

109 1230 218 1288 Sterem
233 1231 332 1305 eciem,
347 1231 542 1308 traheremque
557 1231 672 1288 inimica
685 1232 714 1288 in
729 1234 828 1309 proelis
841 1233 977 1291 Teucros.
1053 1273 1059 1285 .

106 1309 254 1367 Juturnam
269 1309 381 1383 misero,
395 1309 492 1383 fateor,
508 1328 671 1367 succurrere
684 1309 761 1367 fratri

109 1387 201 1462 Suasi,
216 1396 244 1444 et
257 1407 306 1464 pro
321 1388 378 1445 vitri
393 1391 498 1467 majora
511 1389 614 1445 audere
627 1387 760 1465 probavi3

107 1465 137 1522 N
139 1485 176 1522 on
190 1474 221 1523 ut
234 1466 290 1522 tela
303 1473 407 1540 tumen,
421 1486 477 1524 non
492 1475 523 1524 ut
536 1466 718 1524 contenderet
732 1486 848 1525 areum:
1013 1471 1075 1524 815

107 1544 215 1620 Adjuro
231 1544 320 1619 Stygii
334 1553 418 1620 caput
430 1544 609 1621 implacabile
624 1544 716 1619 sontis,

38 1628 42 1635 '
108 1621 174 1680 Une
188 1623 350 1698 superstitio
363 1623 472 1698 superis
486 1642 548 1698 quae
563 1623 671 1681 reddito
684 1624 765 1680 divis.

108 1700 147 1757 Et
161 1719 236 1757 nunc
250 1700 320 1757 cedo
335 1700 476 1776 equidem,
490 1720 655 1777 pugnosque
669 1720 757 1759 exose
768 1702 905 1777 relinquo.

108 1778 182 1835 Illud
196 1787 233 1853 te,
247 1777 325 1835 nulli
338 1778 386 1835 sati
400 1779 476 1856 quod
490 1778 553 1853 lege
567 1787 687 1852 tenetur,

107 1856 162 1914 Pro
177 1857 258 1914 Latio
272 1855 404 1942 obtestor,
418 1876 468 1932 pro
483 1859 629 1933 majestate
643 1867 772 1914 tuorum:

109 1935 204 2006 Quum
214 1937 274 2013 jem
288 1935 436 1993 connubiis
448 1953 548 2010 pacem
562 1933 703 2009 felicibus,
717 1943 786 2009 esto,

107 2015 296 2091 Component,
310 2033 397 2090 quum
407 2016 469 2091 jum
483 2012 561 2089 leges
575 2024 603 2070 et
616 2012 721 2070 soedera
730 2015 861 2090 jungent,

106 2094 155 2152 Ne
167 2100 248 2151 vetus
263 2091 409 2166 indigenas
423 2099 650 2148 nomen-mutare
665 2092 790 2166 Latinos,

107 2172 174 2231 Neu
188 2171 277 2227 Troes
290 2170 350 2227 fieri
360 2168 472 2248 jubeas,
487 2169 670 2244 Teucrosque
684 2170 790 2244 vocari,

107 2251 166 2308 Aut
178 2266 278 2305 vocem
291 2256 399 2305 mutare
412 2247 496 2319 viros,
512 2256 559 2304 out
572 2256 797 2305 verterevestes.
1013 2254 1075 2307 825

109 2328 151 2385 Sit
164 2326 286 2400 Latium,
301 2324 477 2399 sintAlboui
490 2343 542 2400 per
554 2325 660 2382 saecule
673 2344 772 2400 reges3

109 2406 151 2463 Sit
164 2405 295 2461 Romano
307 2412 408 2480 potens
423 2403 494 2461 lint
507 2403 609 2461 virtute
622 2422 746 2480 propago
759 2423 765 2460 ε

107 2484 229 2558 Occidit,
244 2483 433 2558 occideritque
447 2483 523 2539 sines
536 2501 601 2539 cum
614 2483 739 2557 nomine,
754 2483 849 2560 Troje.

147 2562 204 2621 Olli
218 2561 365 2619 subridens
378 2560 525 2618 hominum
539 2580 688 2636 rerumque
702 2569 843 2638 repertor:

107 2642 148 2699 Et
160 2660 292 2717 germano
303 2640 392 2714 lovis,
408 2640 577 2715 Setumique
592 2640 679 2698 altere
690 2641 792 2717 proles,
807 2694 809 2699 .
1012 2645 1076 2700 830

108 2720 215 2779 Irarum
229 2727 321 2778 tantos
334 2719 425 2778 volvis
439 2718 490 2776 sub
504 2728 618 2795 pectore
632 2718 751 2776 linctus!

107 2796 216 2857 Verrlm
231 2817 291 2874 ege,
306 2806 335 2856 et
347 2798 492 2875 inceptum
506 2798 606 2855 frustra
619 2797 752 2854 submitte
762 2795 903 2874 furorem:

107 2878 153 2935 Do
168 2879 242 2953 quod
256 2878 307 2950 vis,
322 2883 351 2934 et
364 2896 410 2934 me
424 2877 571 2952 victusque
584 2875 739 2951 volensque
752 2874 872 2932 remitto.

109 2957 273 3014 Sermonem
286 2955 407 3013 Ausonii
419 2954 539 3029 petrium
554 2960 702 3029 moresque
717 2953 872 3025 tenebunt3

107 3034 203 3110 thue
218 3042 261 3091 est
272 3053 377 3090 nomen
392 3033 461 3090 erit:
483 3031 628 3089 commixti
642 3050 758 3107 corpore
771 3030 879 3089 tautirm
1011 3034 1074 3088 835

109 3112 261 3170 Subsident
273 3106 396 3183 Teucri3
417 3129 524 3168 morem
538 3110 662 3185 ritusque
676 3129 818 3166 sacrorum

106 3190 257 3269 Adjiciom,
271 3190 428 3266 faciamque
443 3207 540 3246 omnes
554 3207 611 3244 uno
626 3206 673 3244 ore
687 3188 812 3245 Latinos.

107 3269 184 3327 Hinc
198 3287 297 3344 genus,
311 3269 439 3326 Ausonio
453 3267 574 3323 mixtum
588 3265 663 3340 quod
678 3265 814 3340 sanguiue
828 3273 933 3342 surget,

108 3349 200 3425 Supra
211 3346 351 3422 homines,
365 3365 448 3423 supro
461 3344 501 3401 ire
515 3343 583 3400 deos
596 3343 700 3419 pietate
709 3343 842 3419 ¹videbis3
907 3358 910 3364 '

106 3427 137 3486 N
138 3446 171 3485 ec
186 3445 255 3503 gens
267 3424 327 3482 ulla
339 3434 403 3483 tuos
417 3420 498 3500 aequd
512 3420 665 3479 celebrabit
677 3421 808 3480 honores.
1011 3424 1076 3481 840

105 3505 217 3563 Annuit
229 3503 274 3562 his
286 3503 371 3577 Juuo,
386 3511 415 3560 et
428 3508 552 3560 mentem
565 3499 659 3557 laetots
671 3501 789 3560 retorsit.

107 3584 220 3641 Interea
233 3583 346 3640 excedit
359 3581 440 3655 eoelo,
451 3579 615 3654 pubemque
630 3579 749 3656 reliquit

144 3661 200 3719 His
214 3661 293 3734 actis,
307 3660 383 3717 uliud
396 3658 505 3734 genitor
518 3675 614 3714 secum
628 3658 689 3734 ipse
703 3657 827 3729 volutat3

105 3739 123 3801 J
125 3747 312 3815 uturnemque
324 3744 405 3814 peret
417 3735 506 3793 tronis
520 3734 660 3794 dimittere
674 3735 709 3793 eb
724 3735 818 3797 ermis.
