2400 4178
52 252 60 263 ,
113 194 150 251 at
519 188 701 245 AENEIDOS

113 344 217 403 Gentis
231 341 397 417 Dardanio,
411 360 550 417 magnum
564 360 629 416 que
644 358 744 419 sparsa
755 360 808 419 per
820 340 934 403 orbem.

113 424 153 483 Di
167 424 230 497 tibi,
245 423 270 481 si
284 442 340 499 qua
353 422 417 499 pios
430 429 593 496 respectant
606 420 737 493 numina,
752 420 777 477 si
793 420 863 497 quid

112 502 246 581 Usquam
251 502 370 637 putitiu
383 510 436 574 est,
451 510 481 559 et
495 520 579 557 mens
592 498 648 557 sibi
661 500 778 557 conscia
791 500 874 575 recti,

112 581 238 639 Prremia
271 582 338 655 igno
351 579 451 637 serunt.
495 578 570 649 Quae
584 586 614 637 te
627 588 687 637 tam
700 578 768 635 leta
781 578 909 637 tulerunt
1050 586 1114 641 605

113 660 247 719 Secula?
268 660 317 734 qui
331 660 403 717 tanti
417 658 504 717 talem
519 656 646 733 genuere
658 658 815 735 parentes?

113 740 147 797 ln
162 739 234 797 freta
248 739 315 795 dum
330 738 411 795 llurii
425 746 550 811 current,
565 739 633 794 dum
649 735 796 794 montibus
809 736 921 795 umbrae

112 816 288 875 Lustrehunt
300 835 441 889 convexa,
456 816 540 893 polus
554 816 623 873 dum
637 815 733 873 sidera
743 826 855 891 pascet,

112 898 235 972 Semper
248 895 351 970 honos,
366 914 530 970 nomenque
545 904 635 969 tuum,
651 894 807 971 laudesque
820 894 995 975 manebunt,

111 976 186 1047 (lure
201 992 387 1051 mecumque
402 981 612 1031 roeantterrae.
656 974 704 1031 Sic
719 972 804 1049 satus,
818 974 948 1033 amicum
1049 982 1113 1037 610

113 1054 223 1111 llionea
237 1054 309 1129 petit
321 1054 433 1127 dextri,
447 1053 580 1131 laesique
596 1054 762 1125 Serestum;

110 1130 191 1207 l'dst,
206 1134 287 1207 alios,
302 1133 462 1207 sortemque
478 1132 573 1209 Gyan,
588 1131 749 1208 sortemque
763 1129 952 1191 Cloanthum.

151 1212 308 1288 Obstupuit
321 1208 413 1287 primi)
428 1212 566 1287 adspectu
582 1211 701 1269 Sidonia
715 1210 803 1285 Dido,

111 1292 189 1349 Casu
203 1291 309 1349 deinde
325 1290 377 1347 riri
392 1299 488 1363 tanto,
510 1292 594 1347 etsie
609 1310 659 1348 ore
673 1290 770 1347 locuta
783 1298 843 1347 est:

112 1370 186 1441 Quis
201 1382 239 1443 te,
254 1380 320 1427 nate
335 1369 400 1444 deri,
414 1388 466 1445 per
479 1379 558 1428 tantu
571 1368 698 1445 pericula
711 1387 795 1425 casus
962 1414 973 1431 .
1048 1378 1111 1433 615

112 1450 297 1527 Insequitur?
319 1468 383 1525 quse
398 1448 442 1504 ris
458 1448 629 1504 immanibus
644 1445 864 1523 supplicatoris?

110 1527 196 1585 Tune
212 1528 261 1583 ille
275 1526 387 1583 AEneas
401 1544 487 1599 quem
502 1525 649 1582 Dardanio
664 1523 801 1582 Anchise
898 1594 904 1603 Ι

110 1605 197 1663 Alma
211 1606 314 1661 Venus
328 1602 447 1679 Phrygii
461 1604 562 1678 genuit
577 1604 735 1662 Simoentis
749 1604 786 1660 ad
799 1603 930 1662 undam?
962 1654 973 1673 ,
1065 1640 1085 1665 0

110 1686 208 1760 Atque
222 1683 358 1760 equidem
372 1681 519 1739 Teucrum
534 1682 654 1741 memini
670 1682 779 1741 Sidona
792 1682 902 1758 venire,

110 1762 234 1820 Finibus
248 1761 401 1837 expulsum
415 1762 524 1837 patriis,
539 1782 615 1819 nora
628 1781 717 1837 regna
729 1769 878 1838 petentem

111 1842 230 1898 Arrxilio
244 1840 319 1899 Beli.
363 1840 485 1897 Genitor
498 1850 559 1898 tum
574 1840 664 1899 Belus
678 1840 805 1917 opimam

110 1918 250 1977 Vostabat
263 1920 404 1996 Cyprum,
419 1928 448 1977 et
461 1920 553 1977 victor
566 1920 675 1977 ditione
689 1918 815 1977 tenebat.

109 1996 256 2074 Tempore
266 2000 327 2076 Jam
342 2016 379 2053 ex
394 1996 444 2054 illo
458 2016 541 2059 casus
555 1997 627 2053 milri
641 1998 772 2071 cognitus
786 1996 865 2055 urbis

109 2074 254 2153 Trojanm,
269 2094 433 2149 nomenque
446 2084 539 2148 tunm,
555 2093 695 2150 regesque
709 2074 839 2149 Pelasgi..

110 2153 177 2228 Ipse
191 2152 282 2210 hostis
296 2152 425 2208 Teucros
440 2151 545 2223 insigni
560 2152 644 2209 laude
658 2152 776 2225 serebat,

110 2230 205 2305 Seque
220 2239 312 2286 ortum
328 2228 444 2303 antiqui
458 2228 639 2285 Teucrorum
655 2230 691 2286 ab
705 2229 793 2305 stirpe
807 2228 933 2291 volebat.

109 2306 207 2375 Quare
222 2307 307 2381 agite,
322 2326 350 2379 o,
366 2305 459 2378 tectis,
470 2308 604 2383 juvenes,
620 2308 766 2364 succedite
780 2309 894 2366 nostris.
947 2354 972 2371 ..

107 2384 161 2441 Me
175 2402 291 2459 quoque
305 2402 357 2459 per
367 2382 472 2441 multos
486 2385 587 2441 similis
602 2386 715 2443 fortuna
729 2386 841 2443 labores

106 2460 248 2519 laetatam
262 2462 317 2517 hic
331 2462 448 2519 demum
462 2463 553 2521 roluit
566 2464 723 2522 consistere
738 2464 821 2522 terri.

33 2590 35 2597 .
107 2540 176 2597 Non
192 2540 291 2615 ignara
304 2540 382 2613 mali,
397 2542 509 2599 miseris
524 2562 690 2601 succurrere
704 2544 794 2617 disco.

148 2618 196 2675 Sic
211 2627 368 2693 memorat,
391 2620 478 2679 simul
493 2622 609 2687 AEnean
624 2622 653 2679 in
668 2623 748 2699 regia
761 2622 841 2680 ducit
885 2686 889 2693 ,

107 2694 208 2772 Tecta,
223 2697 310 2756 simul
324 2698 423 2758 divirm
438 2701 553 2777 templis
567 2702 670 2760 indicit
683 2703 832 2760 honorem.

106 2774 138 2831 N
139 2794 172 2833 ec
187 2775 284 2836 minus
298 2777 408 2837 interea
422 2781 507 2837 sociis
522 2782 558 2837 ad
571 2781 666 2838 littora
680 2780 766 2838 mittit

106 2852 219 2929 Viginti
233 2865 338 2930 tauros,
353 2876 522 2930 magnorum
536 2858 682 2915 horrentia
695 2865 811 2914 centum

33 2986 35 2997 ,
106 2931 203 3006 Terga
216 2952 309 3007 suum,
324 2934 446 3009 pingues
461 2945 576 2992 centum
588 2954 655 2993 cum
670 2933 807 2990 matribus
822 2951 931 3009 agnos3

105 3010 232 3067 Munera
245 3010 432 3084 laetitiamque
446 3012 495 3068 dii.
619 3050 638 3083 0

144 3088 184 3144 At
197 3087 300 3145 domus
314 3088 431 3144 interior
444 3087 532 3163 regali
547 3088 697 3164 splendida
711 3088 782 3147 luxu

105 3164 266 3239 instruitur,
279 3165 439 3241 mediisque
452 3175 553 3242 parant
567 3167 701 3224 conriria
714 3167 797 3226 tectis
810 3188 817 3224 ε

104 3244 175 3301 Arte
189 3244 323 3301 laboratae
338 3253 444 3319 restes,
459 3252 593 3320 ostroque
608 3245 751 3320 superbo;

105 3321 211 3398 Ingens
226 3330 373 3399 argentum
389 3323 506 3397 mensis,
521 3322 679 3399 caelataque
694 3325 723 3382 in
739 3344 809 3383 auro

104 3400 203 3459 Fortia
216 3401 290 3461 sacta
302 3409 426 3479 patrum,
441 3402 530 3459 series
545 3402 712 3477 longissima
725 3424 830 3479 renrm,

103 3479 161 3537 Per
175 3488 217 3539 tot
230 3482 317 3539 ducta
329 3481 406 3538 viros
421 3482 538 3557 antiquit
552 3480 588 3537 ab
602 3482 712 3557 origine
726 3484 830 3558 gentis.

143 3558 255 3617 AEneas
274 3559 383 3636 (neque
398 3560 476 3618 enim
491 3559 599 3637 patrius
614 3562 771 3619 consistere
786 3568 915 3620 mentem

103 3634 210 3695 Passus
225 3638 319 3715 amor)
338 3640 468 3715 rapidum
483 3640 517 3695 ad
534 3658 622 3697 nares
636 3641 784 3717 praemittit
797 3638 942 3715 Achaten,

102 3716 229 3778 Ascanio
244 3717 316 3780 terat
329 3719 404 3795 haec,
420 3718 571 3799 ipsumque
586 3719 622 3777 ad
636 3721 744 3779 moenio
757 3722 852 3779 ducat.
