2400 4178
477 171 650 246 ιιιιιί

81 333 361 426 Accinguntomnes
373 331 465 410 operi,
479 333 662 411 pedibusque
674 341 801 394 rotarum
895 399 900 408 ,
1007 343 1067 398 235
1091 400 1095 407 f

84 412 164 490 Subj'
156 413 247 471 reiunt
258 413 366 490 lapsus,
383 419 412 471 et
425 417 548 489 stuppea
561 414 680 475 vincula
694 414 769 473 eollo
862 482 864 484 J

83 434 249 550 lntehdunt
293 491 412 550 Scandit
424 490 517 549 fatalis
531 492 667 553 machina
680 512 793 569 muros,

82 570 166 628 Foeta
180 570 284 628 armis.
305 570 388 647 pueri
400 567 511 628 circum
525 572 711 664 innuptaeque
725 571 831 649 puelle

84 649 171 706 Sacra
184 657 300 724 canunt,
315 649 472 740 funemque
486 669 574 709 manu
588 652 755 727 contingere
769 652 914 728 gaudent·

48 720 137 785 Ι11ι
150 728 228 787 subit
229 727 414 823 ‚mediaeque
427 728 542 786 minans
555 728 681 788 illabitur
694 729 850 789 urbi..
868 782 871 786 Α

83 805 259 883 Opatria!
252 827 269 864 o
284 805 383 865 divrim
397 807 501 872 domus
516 807 620 866 Ilium!
641 817 672 867 et
684 809 792 885 inclyta
804 808 883 869 bello
981 857 983 861 ,

82 885 195 943 Moenia
208 884 426 943 Dardanidum!
442 887 563 962 quater'
555 906 618 962 rpso
632 886 663 944 in
677 887 784 945 limine
787 897 877 964 porta

83 963 216 1022 Substitit
217 973 325 1040 ,atque
336 984 356 1021 u
357 972 418 1022 tero
431 963 557 1036 sonitum
571 974 672 1040 quater
686 984 765 1024 arma
778 966 896 1025 dedere
992 1029 1004 1050 ο

83 1042 226 1100 Instemus
240 1051 337 1100 tamen
351 1043 545 1116 immemores,
561 1044 688 1119 caecique
701 1043 805 1120 furore,

83 1121 123 1178 Et
137 1129 295 1179 monstrum
308 1120 410 1178 infelix
424 1121 534 1178 sacrati
548 1121 673 1180 sistimus
688 1141 761 1181 arce.
810 1168 813 1173 .

82 1198 168 1256 Tunc
180 1199 267 1256 etiam
279 1198 345 1256 satis
359 1201 450 1274 aperit
463 1200 625 1257 Cassandra
639 1200 741 1259 suturis

83 1276 150 1351 Ora,
166 1277 213 1335 dei
222 1279 307 1355 jussu
321 1296 380 1334 non
393 1296 521 1352 unquam
536 1279 644 1344 credita
657 1280 788 1338 Teucris.
902 1297 907 1306 ·

81 1356 145 1414 Nos
160 1353 279 1413 delubra
292 1354 380 1424 desim
394 1354 500 1430 miseri,
516 1356 621 1431 quibus
635 1357 754 1415 ultimus
769 1368 845 1418 esset

82 1435 136 1492 llle
151 1435 222 1508 dies,
237 1434 311 1493 festi
324 1434 455 1493 velamus
468 1434 570 1493 fronde
583 1455 635 1511 per
648 1437 759 1494 urbem.

120 1513 269 1571 Vertitur
262 1522 371 1571 mterea
385 1514 502 1589 coelum,
517 1522 547 1572 et
560 1514 617 1573 ruit
630 1534 744 1572 oceano
753 1535 822 1591 nox,

82 1593 237 1650 Involvens
250 1592 355 1651 umbra
367 1594 473 1669 magni
487 1602 660 1670 terramque,
675 1594 842 1671 polumque,

81 1670 363 1765 Myrmidonumque
371 1671 469 1728 dolos
491 1671 547 1729 fusi
560 1692 612 1749 per
625 1675 733 1736 moenia
747 1674 855 1731 Teucri

25 1747 273 1825 Conticuere3
295 1768 380 1825 sopor
393 1749 484 1807 fessos
498 1751 698 1827 complectitur
712 1761 798 1810 artus.

122 1827 185 1885 Et
172 1847 233 1905 Jam
246 1792 355 1920 Argiva
367 1827 495 1903 phalanx
508 1829 655 1893 instructis
669 1830 790 1888 navibus
804 1831 865 1889 ibat

80 1907 108 1963 A
122 1906 254 1982 Tenedo,
268 1907 363 1964 tacitae
377 1925 429 1983 per
444 1907 536 1964 amica
549 1907 664 1965 silentia
677 1908 754 1966 lunae

79 1985 190 2043 Littera
203 1994 272 2042 nota
284 1992 397 2062 petens,
411 1984 542 2043 flammas
557 2005 647 2062 quum
661 1986 740 2062 regia
752 1988 859 2065 puppis

80 2065 233 2123 Extulerat
234 2064 380 2141 ,fatisque
394 2063 481 2122 derim
497 2064 655 2123 defensus'
646 2065 752 2142 iniquis

81 2144 212 2202 inclusos
226 2108 308 2202 utero
322 2144 441 2202 Danaos
456 2153 484 2201 et
497 2143 585 2220 pinea
598 2145 695 2202 furtim

80 2224 173 2283 Laxat
187 2224 311 2281 claustra
326 2224 434 2281 Sinon.
454 2222 520 2281 illos
533 2223 693 2300 patefactus
708 2223 744 2281 ad
759 2242 841 2282 auras

79 2303 189 2361 Reddit
202 2322 311 2378 equus;
333 2302 450 2378 laetique
466 2322 537 2360 cavo
551 2322 583 2360 se
597 2303 698 2360 robore
711 2312 847 2379 promunt
919 2334 922 2340 ·
956 2332 960 2337 -
984 2345 986 2349 ι

79 2381 280 2440 Thessandrus
297 2382 510 2457 Sthenelusque
524 2382 624 2457 duces,
640 2391 670 2439 et
682 2381 759 2440 dirus
774 2382 905 2458 Ulysses,

79 2459 247 2517 Demissum
260 2460 334 2535 lapsi
346 2478 399 2536 per
411 2460 529 2534 sunem,
536 2462 727 2550 Acamasque,
742 2460 910 2537 Thoasque,

79 2538 253 2611 Pelidesque
268 2538 488 2612 Neoptolemus,
502 2539 669 2614 primusque
684 2537 840 2614 Machaon,

80 2615 121 2672 Et
135 2615 310 2690 Menelaus,
314 2614 419 2690 etipse
434 2615 492 2671 doli
506 2615 624 2673 fabricat
612 2624 656 2673 tor
669 2617 778 2692 Epeos

80 2694 227 2750 Invadunt
240 2686 342 2750 urbem
356 2710 457 2748 somno
470 2692 597 2768 vinoque
611 2694 771 2768 sepultam·
1001 2700 1061 2753 265

80 2772 239 2830 Caeduntur
252 2769 370 2847 vigiles;
392 2770 544 2862 portisque⁸
552 2771 718 2864 patentibus
732 2790 833 2831 omnes
980 2773 985 2782 '

78 2851 238 2928 Accipiunt
251 2851 353 2926 socios,
369 2857 455 2926 atque
470 2849 585 2926 agmina
598 2850 713 2908 conscia
722 2853 857 2928 jungunt.

119 2932 249 3009 Tempus
264 2936 395 3006 eratque
409 2929 503 3005 prima
516 2928 599 3022 quies
613 2927 780 3008 mortalibus
795 2929 878 3006 aegris

80 3001 197 3087 incipit,
213 3019 242 3068 et
256 3001 332 3068 dono
346 3007 446 3066 divirm
460 3008 621 3083 gratissima
632 3009 732 3101 serpit

80 3089 114 3147 In
129 3090 238 3148 somnis
253 3107 322 3147 ecce
337 3095 403 3147 ante
417 3085 516 3146 oeulos
530 3087 730 3145 moestissimua
745 3088 856 3147 Hector
1002 3090 1062 3145 270

79 3167 169 3226 Visus
184 3170 284 3228 adesse
297 3168 379 3242 mihi,
394 3167 545 3242 largosque
560 3165 708 3225 effundere
722 3166 824 3241 tletus;
950 3175 953 3180 '
970 3160 976 3169 ’

79 3248 222 3324 Raptatus
235 3247 320 3322 bigis,
335 3254 368 3305 ut
381 3246 536 3323 quondam,
552 3254 668 3322 aterque
683 3254 802 3304 cruento

79 3325 214 3399 Pulvere,
228 3335 336 3402 perque
349 3325 439 3402 pedes
453 3327 587 3419 traJ'ectus
602 3325 662 3382 lora
675 3333 828 3384 tumentes.

80 3405 140 3462 Hei
154 3405 235 3479 mihi,
250 3405 342 3497 qualis
355 3405 432 3462 erat!
457 3400 597 3480 quantum
612 3411 738 3462 mutatus
752 3403 787 3462 ab
801 3404 851 3461 illo

80 3483 208 3541 Hectore
222 3503 272 3559 qur
264 3483 360 3541 redit
373 3482 494 3540 exuvias
506 3482 625 3540 indutus
639 3482 757 3558 Achilli,
1002 3483 1061 3540 2715

79 3562 137 3620 Vel
152 3562 287 3619 Danaum
300 3559 442 3637 Phrygios
448 3559 592 3640 jaculatus
605 3560 751 3638 puppibus
765 3560 863 3635 ignes!

80 3642 270 3719 Squalentem
284 3638 412 3713 barbam,
428 3647 457 3697 et
469 3649 619 3698 concretos
633 3639 774 3714 sanguine
789 3636 894 3711 crines,

80 3723 267 3797 Vulneraque
279 3718 330 3777 rlla
342 3735 445 3795 gerens
459 3737 525 3795 qua
539 3719 647 3777 circum
660 3717 784 3816 plurima
796 3735 903 3818 matus
940 3763 942 3767 ‚
1046 3737 1050 3741 ’
