2400 4178
106 218 160 273 10⁰
516 216 698 271 AENEIDOS

106 368 199 444 ldque
213 367 313 425 audire
326 376 370 425 sat
382 376 436 441 est,
445 368 508 445 jam
521 364 633 443 dudum
646 364 751 425 sumite
763 384 876 445 poeuu.

106 446 172 505 Hoc
188 446 305 503 ltbaeus
317 444 398 519 velit,
412 456 442 503 et
454 438 559 521 magno
573 454 736 503 mercentur
748 444 869 503 Atride.

145 524 222 581 Tum
236 520 306 581 verb
320 523 454 581 ardemus
468 522 564 581 scitari
578 532 607 583 et
619 542 749 599 querere
761 540 876 601 consu,

106 600 202 675 lguari
215 601 356 659 scelerum
371 610 514 661 tantorum
528 602 652 678 artisque
666 599 808 677 Pelasgae.

106 680 292 755 Prosequitur
304 679 445 756 pavitans,
460 690 490 739 ct
503 680 570 737 licto
583 687 701 757 pectore
714 678 808 739 istm:
917 696 922 706 ·

145 755 232 849 Srepri
247 758 344 831 sugam
361 758 456 815 Danai
469 759 559 837 Trojai
574 777 611 815 cn
634 756 694 815 iere
708 758 809 817 relicti

104 834 213 909 Moliri,
228 844 258 893 ct
271 836 356 912 longo
370 836 438 895 sessi
452 837 605 907 discedere¹
652 836 700 894 llo.

104 914 130 971 F
131 914 315 989 scissentque
329 916 438 973 utinam
450 918 457 971 l
481 912 566 993 Saepe
581 914 645 973 illos
660 934 761 993 aspera
772 913 854 991 ponti

106 991 270 1051 interclusit
282 992 386 1069 hiems,
401 1004 430 1053 et
443 995 542 1053 terruit
555 996 661 1052 Auster
675 1002 786 1051 euntes.

104 1068 268 1147 ruacipue,
284 1092 372 1150 quum
382 1076 443 1151 jam
457 1073 505 1131 hic
519 1072 647 1131 trabibus
661 1082 816 1131 contextus
828 1074 943 1133 acernis

106 1150 200 1209 Staret
213 1170 315 1228 equus,
329 1160 388 1209 toto
401 1160 558 1209 sonnerunt
572 1150 680 1209 aethere
693 1149 794 1209 nimbi.

105 1230 245 1305 Suspensi
260 1229 442 1307 Eurypylum
456 1231 589 1288 scitatum
604 1229 721 1288 oracula
733 1228 839 1289 Phoebi
953 1288 959 1297 ,

104 1306 267 1381 Mittimu03
288 1309 371 1385 isque
386 1308 478 1387 adytis
492 1308 557 1367 haec
570 1309 662 1367 tristia
674 1309 752 1366 dicta
764 1316 906 1387 repom

105 1386 252 1461 Sanguine
267 1388 402 1465 placuistis
415 1398 517 1447 ventos
531 1398 561 1447 et
573 1388 684 1462 virgine
697 1386 786 1461 cresi,

105 1465 206 1534 Quum
221 1463 346 1543 primum
362 1466 596 1541 lliacas‚·Danai,
610 1465 730 1522 venistis
744 1465 780 1521 ad
795 1484 876 1539 oras3

105 1544 253 1619 Sanguine
266 1544 416 1621 quaerendi
429 1545 548 1617 reditus,
563 1543 717 1619 animique
731 1543 873 1602 litandum
942 1558 964 1613 s

104 1623 248 1697 Argolici.
291 1622 381 1698 Vulgi
395 1642 459 1699 qnae
474 1642 532 1679 vox
547 1631 579 1680 nt
592 1623 672 1680 venit
686 1623 722 1680 ad
736 1641 830 1698 aures,
936 1626 940 1637 '

105 1700 289 1778 Obstupuere
304 1701 401 1775 animi,
417 1702 587 1778 gelidusque
601 1721 653 1779 per
667 1703 725 1759 ima
739 1702 865 1760 cucurrit

105 1781 317 1851 Ossatrem013
338 1779 386 1837 cni
400 1780 457 1839 lata
470 1790 580 1859 parent,
595 1801 683 1857 quem
698 1790 798 1858 poscat
811 1778 929 1858 Apollo.

105 1860 163 1917 Hic
179 1860 295 1918 Ithacus
308 1869 403 1918 vatem
417 1879 522 1936 magno
537 1861 697 1919 Calchanta
710 1859 835 1919 tumultu

104 1938 249 1997 Protrahit
262 1940 291 1996 in
307 1940 437 2012 medios;
459 1960 523 2017 qnae
538 1940 595 1997 sint
609 1958 643 1997 ea
656 1940 776 1996 numina
789 1938 888 1996 disnim

104 2017 249 2093 Flagitat:
271 2018 386 2077 etmihi
396 2021 457 2096 jam
472 2019 554 2076 multi
569 2017 685 2075 crudele
699 2016 842 2074 canebant

104 2097 233 2155 Artificis
247 2097 351 2171 scelus,
366 2106 395 2154 et
408 2098 487 2153 taciti
500 2105 622 2153 ventura
635 2094 780 2151 videbant.

104 2176 157 2233 Bis
170 2176 272 2252 quinos
286 2175 351 2232 silet
364 2174 413 2233 ille
427 2174 499 2247 dies,
514 2181 664 2248 tectusque
678 2182 792 2229 recusat

104 2253 231 2312 Prodere
245 2272 316 2310 voce
328 2252 381 2309 sud
395 2270 580 2327 quemquam,
595 2258 645 2307 ant
658 2268 805 2326 opponere
819 2251 915 2311 morti.

104 2332 166 2389 Vix
179 2332 297 2389 tandem
311 2329 423 2404 magnis
439 2329 531 2389 Ithaci
546 2328 719 2387 clamoribus
733 2336 824 2405 actus,

103 2407 273 2487 Composito
287 2408 396 2485 rumpit
405 2427 517 2483 vocem,
533 2417 562 2466 et
574 2427 622 2464 me
636 2408 760 2466 destinat
774 2427 839 2465 arae.

103 2486 264 2547 Assensdre
278 2506 399 2560 omnes;
421 2496 459 2561 et,
474 2507 538 2563 qnae
552 2486 607 2544 sibi
622 2487 743 2563 quisque
757 2484 888 2563 timebat,

105 2566 201 2627 Unius
214 2566 245 2624 in
259 2566 356 2624 miseri
371 2567 492 2625 exitium
507 2586 647 2625 conversa
661 2565 761 2624 tnldre.

104 2645 121 2704 J
124 2666 226 2721 amque
240 2646 303 2705 dies
316 2646 434 2705 infanda
447 2647 563 2705 aderat:
586 2646 659 2704 mihi
673 2666 754 2704 sacra
766 2644 869 2723 parari,

105 2724 146 2783 Et
161 2725 241 2783 salsae
257 2725 362 2802 fruges,
378 2735 408 2785 et
420 2728 530 2784 circum
545 2734 675 2802 tempora
688 2726 777 2783 vittae.
823 2723 828 2730 ’

105 2804 219 2882 Eripni,
233 2805 331 2880 fateor,
346 2805 404 2863 leto
418 2824 474 2879 me,
489 2814 519 2862 et
531 2804 648 2861 vincula
660 2803 744 2878 rnpi;

105 2884 280 2961 Limosoque
294 2884 360 2940 lacu
373 2891 553 2959 pernoctem
568 2881 704 2937 obscurus
718 2880 748 2935 in
762 2879 830 2935 ulva

107 2961 228 3036 Delitui,
244 2964 312 3019 dum
326 2960 401 3033 vela,
416 2954 651 3030 derenteford,
666 2957 821 3013 dedissent.

105 3039 172 3098 Nec
187 3041 258 3097 mihi
267 3042 329 3116 jam
343 3037 462 3113 patriam
477 3038 622 3112 antiquam
637 3053 704 3109 spes
718 3034 779 3099 ulla
790 3035 918 3113 videndi,

106 3118 138 3176 N
139 3137 172 3176 ec
187 3118 287 3175 dulces
301 3124 392 3189 natos,
408 3123 635 3190 exoptatumque
648 3120 797 3187 parentem
809 3133 817 3185 ;

107 3195 190 3266 Quos
204 3196 246 3253 illi
260 3196 316 3253 fors
331 3194 367 3250 ad
380 3211 481 3269 poenas
495 3192 532 3247 ob
546 3198 642 3247 nostra
655 3200 809 3267 reposcent

107 3274 243 3349 Effugia3
265 3281 295 3330 et
307 3271 422 3347 culpam
436 3270 512 3326 hano
525 3267 695 3329 miserorum
709 3278 800 3327 morte
813 3269 945 3348 piabunt.
1041 3283 1102 3341 140

108 3353 195 3423 Quod
209 3361 247 3427 te,
261 3369 315 3429 per
327 3367 445 3425 superos
460 3355 489 3404 et
503 3346 619 3404 conscia
632 3347 753 3404 numina
766 3349 836 3423 veri,

106 3431 173 3506 Per,
188 3431 212 3487 si
226 3449 282 3506 qua
296 3434 340 3485 est
353 3445 418 3503 quae
433 3432 520 3482 restet
534 3422 629 3480 adhuc
643 3426 810 3484 mortalibus
824 3446 950 3505 usquam

108 3509 281 3567 Intemerato
295 3507 377 3580 fides,
392 3523 451 3577 oro,
465 3503 600 3559 miserere
615 3501 744 3561 laborum

106 3588 278 3659 Tantorum,
293 3584 429 3642 miserere
443 3578 532 3637 animi
546 3597 604 3635 nou
619 3580 706 3656 digna
719 3582 845 3642 ferentis.

147 3665 204 3722 His
216 3663 350 3738 lacrymis
363 3661 452 3719 vitam
466 3658 577 3731 damus²
593 3666 622 3715 et
635 3660 849 3722 miserescimus
862 3663 948 3725 ultro.
1042 3678 1105 3737 145

109 3742 175 3819 lpse
189 3742 250 3799 viro
262 3740 371 3821 primus
385 3736 513 3797 manicos
527 3743 611 3815 atque
626 3747 703 3797 arcta
714 3739 804 3801 levari
1018 3764 1021 3769 ·
