2400 4178
464 127 467 132 ’
509 164 627 220 arana
646 165 697 220 111.

110 312 153 371 Et
165 320 263 370 tamen
274 310 350 375 hauc
362 309 465 388 pelago
478 312 679 389 prraterlabare
691 330 812 371 necesse
825 321 888 373 est:
937 349 941 354 ·

111 391 248 449 Ausoniae
261 408 326 467 pars
339 388 389 448 illa
401 391 500 466 procul
514 411 601 469 quarn
614 391 715 468 pandit
727 391 843 468 Apollo.

110 467 205 543 Vade,
220 469 268 543 ait,
283 487 300 526 o
313 467 384 526 felix
397 468 457 526 nati
469 470 595 546 pietate!
640 469 719 540 Quid
732 469 806 528 ultra
1034 474 1093 529 480

110 546 267 621 Provehor,
282 553 312 605 et
324 545 410 604 sanda
424 555 577 622 surgentes
589 548 721 605 demoror
734 550 864 606 austros?
1143 551 1147 557 ’

110 625 176 684 Nec
191 623 287 682 minus
300 624 515 701 Andromache,
530 627 659 702 digressu
674 634 776 684 moesta
789 645 933 703 supremo,

111 704 182 761 Fert
194 704 350 780 picturatas
364 703 424 760 auri
438 703 604 762 subtemine
616 712 722 780 vestes,

110 782 152 840 Et
165 782 323 858 Phrygiam
336 781 462 838 Ascanio
476 781 678 859 chlamydem3
700 791 755 839 hec
769 782 846 840 cedit
858 780 978 840 honori:
1079 810 1086 823 ·

110 859 337 936 Textilibusque
347 867 446 917 onerat
459 859 552 934 donis,
568 879 601 917 ac
613 860 682 918 talia
694 859 788 930 satur:
855 905 856 909 ,
1032 863 1091 918 486

109 939 222 1015 Accipe
237 948 266 997 et
278 939 353 1011 haec,
368 956 508 994 manuum
522 936 575 994 tibi
589 957 653 1013 quae
668 946 856 996 monumenta
868 956 997 996 mearum

111 1016 184 1090 Sint,
198 1036 280 1093 puer,
295 1022 325 1073 et
338 1015 457 1089 longum
469 1014 680 1078 Andromache
695 1022 834 1074 testentur
847 1034 985 1090 amorem,

110 1094 251 1170 conjugis
265 1094 429 1150 Hectorem.
471 1093 552 1168 Cape
567 1094 642 1150 dona
656 1100 785 1150 extrema
799 1102 923 1169 tuorum,

111 1171 137 1229 O
151 1171 224 1227 mihi
238 1170 298 1229 sola
311 1170 370 1226 mei
383 1189 469 1246 super
482 1172 667 1246 Astyanactis
681 1171 795 1245 imago!
996 1224 999 1232 .

111 1249 160 1307 Sic
174 1249 284 1323 oculos
299 1248 341 1304 sic
355 1248 405 1305 ille
418 1267 531 1323 manus,
546 1249 588 1305 sic
602 1268 651 1305 ora
663 1247 793 1323 ferebat;
1032 1253 1090 1306 490

109 1327 150 1386 Et
163 1346 240 1384 nunc
256 1326 361 1403 aequali
375 1333 471 1384 tecum
485 1326 657 1402 pubesceret
670 1345 742 1384 aevo.

148 1405 213 1463 Hos
227 1424 280 1481 ego
295 1405 458 1480 digrediens
472 1404 606 1482 lacrymis
621 1403 728 1462 affabar
741 1403 867 1463 obortis:

108 1483 207 1542 vivite
221 1483 330 1557 felices
345 1482 448 1559 quibus
462 1492 506 1540 est
518 1483 631 1541 fortuna
643 1490 760 1559 peracta

108 1562 125 1619 J
127 1581 172 1619 am
186 1581 255 1635 sua3
277 1580 330 1619 nos
344 1561 400 1618 alia
413 1580 451 1618 ex
464 1561 530 1618 aliis
540 1562 570 1619 in
584 1561 642 1619 fata
655 1568 800 1620 vocamur.

108 1640 202 1697 Vobis
215 1647 296 1716 parta
309 1639 409 1715 quies,
431 1638 643 1698 nullum-maris
657 1659 754 1717 aequor
768 1640 924 1713 arandum,
1031 1643 1090 1696 495

108 1717 187 1774 Arva
200 1735 295 1793 neque
309 1716 446 1773 Ausoniae
461 1734 574 1792 semper
588 1718 721 1775 cedentia
733 1726 808 1775 retro

110 1794 293 1864 Quaerenda:
316 1793 441 1869 effigiem
455 1794 576 1869 Xanthi,
591 1795 777 1872 Trojamque,
791 1794 905 1870 videtis,

110 1872 205 1943 Quam
219 1881 322 1930 vestrae
336 1871 432 1937 secere
445 1891 556 1947 manus,
572 1872 747 1948 melioribus,
763 1879 841 1948 opto,

107 1951 263 2028 Auspiciis,
279 1959 308 2009 et
321 1969 385 2027 quae
398 1949 485 2008 suerit
498 1948 593 2008 minias
608 1950 693 2008 obvia
707 1951 811 2009 Graiis.
892 2001 895 2007 .

109 2030 268 2106 Siquando
283 2029 403 2106 Tybrim
415 2029 568 2105 vicinaque
582 2029 718 2105 Tybridis
733 2049 801 2087 arva
879 2090 881 2093 ,
1032 2031 1090 2087 500

107 2109 228 2183 Intrdro,
243 2109 378 2185 gentique
393 2126 467 2165 mee
482 2108 547 2165 data
560 2108 667 2167 moenia
680 2127 805 2184 cernam,

107 2187 252 2263 Cognatas
264 2187 350 2245 urbes
364 2186 441 2261 olim,
455 2186 634 2263 populosque
648 2188 832 2264 propinquos,

106 2265 207 2341 Epiro,
223 2265 376 2343 Hesperii,
391 2264 496 2342 quibus
509 2266 587 2322 idem
601 2266 755 2324 Dardanus
770 2273 877 2341 auctor,

106 2345 202 2420 Atque
216 2344 293 2401 idem
308 2363 400 2418 casus,
414 2350 502 2401 unam
516 2343 654 2401 iaciemus
666 2352 816 2420 utramque

107 2421 225 2499 Trojam
241 2422 342 2478 animis
355 2441 361 2477 :
383 2429 499 2479 maneat
511 2429 622 2479 nostros
637 2441 672 2479 ea
685 2441 755 2479 cura
768 2430 897 2499 nepotes.
1030 2424 1088 2478 505

146 2498 337 2556 Provehimur
349 2499 452 2573 pelago
465 2499 562 2555 vicina
575 2499 719 2556 Ceraunia
728 2502 822 2577 juxta,

107 2577 195 2635 Unde
209 2576 264 2632 iter
277 2574 400 2648 ltaliam,
415 2593 572 2650 cursusque
584 2575 770 2633 brevissimus
783 2576 878 2633 undis.

82 2682 90 2686 ·
109 2654 158 2712 Sol
172 2653 228 2710 ruit
240 2653 358 2724 interea,
373 2659 404 2709 et
416 2658 527 2708 montes
540 2651 709 2710 umbrantur
722 2653 814 2728 opaci.

109 2733 269 2792 Stemimur
283 2738 386 2807 optatae
401 2729 510 2805 gremio
524 2729 633 2788 telluris
647 2731 683 2786 ad
696 2731 813 2806 undam,

108 2811 206 2870 Sortiti
220 2829 323 2885 remos,
337 2809 502 2886 passimque
515 2808 545 2866 in
554 2808 653 2866 littore
667 2809 744 2866 sicco
808 2826 812 2832 ·
1032 2810 1102 2866 510

107 2890 235 2968 Corpora
248 2907 399 2947 curamus:
421 2887 512 2946 fessos
526 2907 612 2964 sopor
624 2887 721 2962 irrigat
735 2894 819 2945 artus.

106 2969 242 3027 Necdum
255 2968 353 3025 orbem
363 2967 493 3024 medium
506 2966 576 3025 Nox
589 2966 667 3023 horis
682 2974 745 3024 acta
758 2964 890 3024 subibat:

106 3047 194 3106 Haud
208 3047 305 3123 segnis
318 3053 404 3104 strato
418 3045 508 3120 surgit
520 3045 682 3121 Palinurus,
697 3053 727 3104 et
740 3063 841 3103 omnes

107 3125 248 3203 Explorat
260 3132 372 3200 ventos,
387 3131 472 3200 atque
487 3123 603 3182 auribus
618 3127 685 3182 adra
698 3131 812 3201 captat:

109 3203 210 3262 Sidera
222 3211 325 3262 cuncta
337 3210 418 3261 notat
430 3202 517 3261 tacito
530 3202 657 3260 labentia
670 3202 753 3278 coelo,
1031 3203 1089 3257 515

106 3283 271 3354 Arcturum,
284 3280 452 3357 pluviasque
466 3280 596 3358 Hyadas,
611 3281 797 3359 geminosque
812 3279 945 3353 Triones,

107 3362 315 3436 Armatumque
329 3377 397 3418 auro
410 3360 605 3436 circumspicit
618 3359 735 3417 Oriona.

107 3439 264 3514 Postquam
278 3445 381 3496 cuncta
392 3437 472 3495 videt
485 3438 558 3496 coelo
572 3446 701 3496 constare
716 3455 828 3511 sereno,

107 3518 168 3576 Dat
181 3516 290 3575 clamm
305 3514 425 3593 cpuppi
437 3515 571 3591 signum;
592 3535 644 3575 nos
659 3524 751 3574 castra
764 3532 925 3589 movemus,

107 3595 324 3672 Tentamusque
337 3594 435 3667 viam;
456 3601 485 3652 et
497 3594 626 3653 velorum
639 3594 793 3672 pandimus
807 3591 874 3651 aias.
1031 3593 1089 3648 510

145 3674 269 3751 Jamque
282 3672 452 3747 rubescebat
465 3672 554 3747 stellis
568 3676 679 3732 Aurora
692 3671 806 3748 fugatis,
