2400 4178
523 192 638 247 LIBER
656 193 706 247 IV.
1059 198 1111 252 ld}

123 337 207 397 Num
220 337 290 395 fletu
304 338 447 413 ingemuit
460 343 577 397 nostro?
598 360 669 399 num
682 340 793 399 lumina
805 342 906 401 flexit?

123 417 207 475 Num
221 416 363 493 lacrymas
373 418 466 475 vietus
481 419 580 477 dedit?
596 428 645 477 aut
658 419 808 478 miseratus
822 429 965 480 amantem
977 424 1040 480 est?
1051 426 1111 481 370

126 495 202 565 Quae
216 495 321 570 quibus
336 497 513 553 anteferam?
530 501 591 575 jam
601 501 665 576 jam
679 517 733 555 nec
748 499 874 557 maxima
885 500 972 576 Juno,

122 573 155 631 N
156 592 190 630 ec
205 574 355 631 Saturnius
369 573 433 632 haec
447 576 538 633 oeulis
551 586 632 654 pater
646 576 768 652 adspicit
781 578 879 654 aequis.

122 652 278 727 Nusquam
292 661 353 709 tuta
367 653 449 710 fides.
492 655 628 732 Ejectum
642 655 746 731 littore,
761 666 907 732 egentem,

123 730 249 806 Excepi,
265 738 294 788 et
308 730 389 806 regni
403 732 523 790 demens
537 734 568 789 in
581 743 661 810 parte
675 733 786 790 locavi:

121 809 269 865 Amissam
284 809 415 883 classem,
431 811 533 885 socios,
550 831 566 868 a
580 821 670 868 morte
685 813 796 868 reduxi.
1049 813 1109 868 375

122 887 212 944 Heu!
235 888 317 944 furiis
330 889 449 946 incensa
463 889 555 946 feror!
578 890 609 947 N
610 909 666 946 unc
682 909 771 964 augur
784 888 901 965 Apollo,

121 965 152 1024 N
154 985 210 1022 unc
224 966 323 1041 Lyciae
338 977 437 1041 sortes,
453 987 530 1024 nunc
545 976 574 1023 et
586 967 659 1025 Jove
674 969 778 1024 missus
795 968 830 1025 ab
845 968 909 1044 ipso

122 1042 267 1120 Interpres
282 1045 380 1102 divim
396 1045 450 1101 sert
463 1045 578 1101 horrida
587 1048 668 1123 jussa
682 1065 733 1122 per
747 1064 838 1102 auras.

95 1164 99 1173 .
122 1122 241 1181 Scilicet
254 1123 278 1180 is
293 1124 404 1199 superis
418 1123 498 1179 labor
512 1131 571 1197 est;
594 1143 629 1181 ea
642 1143 710 1180 cura
723 1125 835 1200 quietos

122 1200 271 1259 Sollicitat.
314 1203 420 1277 Neque
435 1209 463 1258 te
477 1210 572 1274 teneo,
588 1221 682 1277 neque
697 1203 774 1259 dicta
787 1200 897 1258 refello.
1048 1202 1106 1255 380

120 1279 146 1352 l,
160 1298 281 1356 sequere
297 1280 409 1337 Italiam
424 1281 536 1352 ventis3
559 1289 626 1356 pete
641 1299 730 1355 regna
741 1299 794 1355 per
807 1279 908 1336 undas.

121 1358 213 1434 Spero
228 1359 362 1435 equidem
379 1360 492 1432 medus,
507 1378 531 1415 sr
546 1359 614 1435 qurd
628 1378 678 1433 pra
692 1358 810 1414 numina
822 1361 954 1431 possunt,

121 1436 272 1513 Supplicia
285 1438 444 1494 hausurum
458 1438 593 1514 seopuliS,
610 1445 639 1494 et
651 1436 769 1493 nomine
783 1434 862 1491 Dido

120 1514 206 1593 Saepe
221 1524 398 1573 vocaturum.
442 1517 554 1593 Sequar
568 1516 634 1573 atris
649 1514 765 1590 ignibus
781 1513 902 1584 absens;

118 1594 168 1669 Et,
184 1615 272 1686 quum
287 1594 389 1668 frigida
402 1614 478 1651 mors
493 1596 589 1652 animai
603 1594 749 1652 seduxerit
763 1604 848 1666 artus,
1047 1590 1106 1642 385

119 1671 262 1729 Omnibus
279 1672 378 1728 umbra
391 1670 462 1727 locis
477 1674 582 1728 adero:
605 1674 695 1746 dabie,
711 1672 850 1747 improbe,
866 1686 974 1745 poenas

117 1752 243 1808 Audiam
255 1771 262 1822 ;
285 1759 314 1807 et
328 1749 390 1806 haec
405 1749 510 1805 Manes
524 1751 623 1805 veniet
636 1750 708 1804 mihi
722 1749 799 1805 sama
813 1747 865 1804 sub
881 1747 965 1802 imos.

117 1829 174 1886 His
188 1830 317 1884 medium
334 1826 417 1883 dictis
432 1845 596 1882 sermonem
612 1825 763 1902 abrumpit,
779 1833 807 1880 et
822 1842 904 1880 auras

115 1907 208 1979 AEgra
222 1906 305 1978 fugit,
321 1923 410 1980 seque
425 1924 462 1960 ex
477 1903 569 1961 oculis
583 1903 685 1959 avertit
699 1910 728 1958 et
742 1902 841 1975 aufert,

116 1985 266 2059 Linquens
281 1981 372 2037 multa
387 1988 467 2037 metu
482 1985 666 2038 cunctantem
680 1987 710 2037 et
722 1980 812 2038 multa
824 1988 973 2056 parantem
1045 1980 1105 2040 390

115 2063 233 2120 Dicere.
278 2059 446 2136 Suscipiunt
460 2059 586 2133 famulae,
602 2058 785 2135 collapsaque
801 2059 932 2117 membra

115 2141 281 2199 Marmoreo
296 2140 424 2197 referunt
437 2138 573 2211 thalamo,
588 2137 739 2212 stratisque
753 2145 904 2214 reponunt.

154 2222 195 2278 At
206 2221 272 2296 pius
287 2220 408 2294 AEneas,
424 2237 588 2294 quanquam
602 2216 692 2274 lenire
707 2217 853 2275 dolentem

117 2296 242 2355 Solando
256 2299 345 2375 cupit,
361 2305 390 2355 et
404 2297 487 2354 dictis
502 2304 630 2354 avertere
645 2315 738 2370 curas,
804 2322 807 2327 ·

115 2375 212 2432 Multa
225 2394 354 2450 gemens,
370 2394 532 2451 magnoque
548 2375 674 2432 animum
688 2373 846 2432 labefactus
861 2393 966 2452 amore,
1041 2381 1102 2435 395

114 2451 131 2508 J
133 2471 198 2509 ussa
212 2461 308 2510 tamen
322 2454 421 2511 divirm
436 2455 603 2529 exsequitur
616 2453 794 2530 classemque
809 2453 914 2512 revisit.

114 2529 191 2586 Tum
206 2527 274 2585 verd
289 2531 398 2587 Teucri
410 2531 590 2606 incumbunt,
605 2540 634 2590 et
648 2532 741 2590 littore
755 2532 846 2590 celsas

114 2607 275 2664 Dedueunt
287 2614 347 2665 toto
361 2626 449 2664 naves
460 2627 468 2678 3
490 2618 570 2665 natat
582 2619 669 2668 uncta
683 2612 795 2684 carina,

113 2685 354 2760 Frondentesque
368 2683 464 2742 serunt
477 2703 573 2743 remos
587 2694 617 2744 et
629 2687 730 2747 robora
743 2689 822 2747 silvis

113 2763 295 2838 lumbricata,
310 2765 385 2839 sugae
400 2763 503 2820 studio.

111 2843 273 2918 Migrantes
287 2861 397 2916 cernas,
412 2843 530 2919 totique
544 2863 582 2901 ex
595 2844 669 2902 urbe
681 2854 806 2904 ruentes.

110 2923 155 2979 Ac
169 2921 260 2979 veluti
274 2921 422 2997 ingentem
435 2922 562 2980 formicae
577 2922 657 2981 larris
671 2944 806 2982 acervum

112 3000 211 3070 Quum
225 3002 372 3077 populant,
388 3000 492 3058 hiemis
506 3021 659 3076 memores,
674 3011 808 3079 tectoque
818 3008 976 3079 reponunt:

110 3079 137 3137 It
150 3079 264 3155 nigrum
280 3080 390 3156 campis
405 3099 517 3155 agmen,
531 3081 718 3156 praedamque
731 3100 783 3157 per
793 3080 901 3139 herbas·

109 3159 294 3218 Convectant
306 3159 380 3218 ealle
390 3167 528 3234 angusto3
549 3178 615 3236 pars
629 3160 747 3234 grandia
760 3160 878 3218 trudunt
1034 3161 1094 3216 405

109 3237 234 3296 Obnixae
250 3240 393 3296 frumenta
406 3238 550 3312 humeris3
571 3258 638 3314 pars
653 3239 767 3313 agmina
780 3245 896 3314 cogunt,
1055 3238 1058 3244 '

108 3317 317 3394 castigantque
331 3337 444 3374 moras:
460 3335 548 3393 opere
562 3318 655 3374 omnis
669 3317 772 3374 semita
784 3317 883 3375 servet

108 3395 183 3467 Quis
197 3396 250 3454 tibi
264 3407 343 3471 tunc,
358 3396 447 3470 Dido,
462 3395 592 3454 cernenti
606 3396 674 3453 talia
687 3397 809 3453 sensus?

108 3473 227 3546 Quosve
242 3475 330 3533 dabas
343 3475 477 3550 gemitus,
492 3494 582 3552 quum
595 3474 691 3532 littora
703 3474 814 3532 fervere
827 3466 885 3529 late

106 3553 291 3632 Prospiceres
305 3573 370 3611 arce
385 3573 423 3610 ex
437 3554 558 3627 summai,
573 3562 723 3629 totumque
735 3551 850 3609 videres
1020 3550 1093 3606 ·4lo

105 3630 227 3691 Misceri
240 3642 306 3691 ante
321 3631 421 3691 oculos
435 3632 521 3689 tantis
535 3630 707 3689 clamoribus
721 3630 838 3705 aequor?

105 3710 247 3793 Improbe
255 3730 344 3789 amor,
358 3710 429 3789 quid
443 3728 503 3767 non
515 3710 646 3769 mortalia
657 3716 778 3795 pectora,
788 3706 888 3785 cogist
