2400 4178
107 214 164 273 w
511 210 691 269 AENElDOS

110 363 287 423 Tercentum
301 362 439 443 sdJiciunt
454 361 552 439 (mens
565 361 698 421 omnibns
708 378 769 421 tuns
779 360 935 443 sequendi)

111 444 171 515 Qui
185 444 297 503 Caerete
310 444 406 517 domo,
420 442 469 519 qui
482 450 549 501 sunt
560 441 701 501 Minionis
713 441 744 499 in
756 441 841 519 orris,
906 472 911 479 ·

109 523 152 583 Et
164 522 251 601 Pyrgi
263 529 384 597 veteres,
396 521 634 599 intempestaeque
649 520 802 579 Gravhoe·
888 534 892 543 ·

149 602 180 662 N
181 621 218 671 on
233 620 286 677 ego
299 610 338 676 te,
352 601 490 677 Ligurum
503 600 605 658 ductor
618 599 769 658 fortissime
780 598 868 677 lsello,

111 680 296 755 Trsnsierim,
310 679 434 755 Cinyra,
455 687 486 737 et
496 679 596 756 pcucis
608 679 743 738 comitste
755 678 887 757 θυμω,

111 758 203 851 Cujus
219 759 334 817 olorinae
348 766 465 834 surgunt
478 757 515 816 de
527 756 636 817 vertice
648 776 768 835 penno:

110 837 228 896 Crrmen
243 857 321 897 amor
333 846 469 912 vestrum,
482 836 637 913 formaque
649 837 762 913 insigne
773 844 918 914 pstcrntu3

109 916 245 992 Numque
259 916 353 974 lemnt
364 916 444 975 lueto
457 915 588 992 Cycnum
602 915 791 974 Phsithontis
803 916 900 993 amati,

110 995 254 1072 Populeas
267 996 341 1052 inter
353 994 466 1053 frondes
479 994 665 1071 umbramque
677 1012 806 1054 sororum

110 1074 189 1131 Dum
203 1074 292 1150 canit,
302 1082 333 1132 ct
344 1083 477 1132 moestum
490 1074 572 1132 musi
585 1074 692 1131 solatur
704 1091 838 1151 umorem,

110 1152 271 1211 Canentem
286 1153 364 1211 molli
376 1152 475 1231 plumi
488 1153 606 1210 duxisse
619 1161 775 1229 senceum,

111 1232 305 1308 Linquentem
318 1240 415 1306 terras,
429 1240 458 1289 et
470 1231 564 1289 sidera
575 1249 648 1290 voce
661 1239 836 1308 sequentem.

110 1311 213 1387 Filius,
227 1311 350 1389 aequales
363 1311 513 1375 comitetus
527 1310 618 1369 clssse
630 1318 767 1385 catervas,

112 1389 262 1465 Ingentem
276 1391 362 1448 remis
372 1390 549 1448 Centaurum
562 1397 727 1467 promovet:
749 1389 797 1447 ille

111 1466 201 1527 instet
215 1487 303 1545 squae,
318 1487 476 1546 saxumque
489 1469 573 1526 undis
586 1468 711 1537 immane
724 1467 849 1527 minatur

110 1547 235 1622 Arduus,
250 1554 279 1605 et
291 1546 377 1622 longi
389 1547 481 1605 sulcet
493 1547 582 1604 maris
594 1546 651 1604 altu
663 1546 768 1604 carine

150 1624 204 1683 Ille
217 1626 303 1684 ctiam
313 1625 410 1702 patriis
423 1643 526 1701 ogmen
539 1625 597 1683 ciet
610 1625 708 1684 Ocnus
722 1625 758 1684 ab
771 1624 838 1701 oris,

111 1703 250 1763 Fotidicae
266 1704 384 1762 lllontirs
397 1713 427 1762 et
439 1704 527 1762 'susci
541 1704 617 1762 filius
630 1703 732 1779 amnis,

112 1782 171 1853 Qui
185 1802 279 1841 muros
294 1783 447 1858 matrisque
461 1783 540 1841 dedit
552 1783 614 1859 tibi,
628 1783 758 1858 Mantua,
772 1799 896 1840 nomen:

111 1860 233 1920 Mantua
245 1863 325 1920 dives
339 1862 408 1938 avis,
423 1863 474 1921 sed
487 1881 551 1919 non·
558 1880 648 1938 genus
661 1862 795 1920 omnibus
807 1879 918 1921 unnmz

112 1940 192 1999 Gens
205 1942 247 1999 illi
261 1941 372 2019 triplex,
385 1940 486 2020 populi
498 1940 551 1999 sub
564 1952 650 2017 genre
662 1939 808 2018 quotemi3

111 2018 180 2095 lpss
192 2028 277 2098 caput
289 2020 420 2097 populis:
442 2021 538 2078 Tusco
552 2021 589 2078 de
601 2020 740 2095 sanguine
752 2019 837 2077 vires.

111 2097 190 2156 Hinc
203 2118 317 2176 quoque
331 2099 501 2175 quingentos
513 2098 543 2155 in
557 2116 588 2157 se
602 2098 767 2157 Mezentius
780 2103 879 2174 armti,

112 2177 194 2248 Quos
207 2186 286 2254 patre
300 2178 427 2251 Benaco,
441 2175 553 2234 volutus
565 2176 703 2235 arundine
710 2175 828 2252 glaucd,

111 2256 241 2313 Mincius
254 2254 357 2313 infeste
368 2255 492 2329 ducebat
504 2254 534 2311 in
548 2272 661 2330 {equora
674 2256 753 2332 pinu.

112 2333 139 2391 lt
152 2335 245 2408 gravis
258 2333 402 2408 Aulestes,
416 2333 595 2410 centenique
610 2333 708 2392 arbore
721 2333 824 2393 fluctus

103 2408 251 2470 Verberet
265 2430 414 2488 assurgens
425 2432 433 2485 ;
454 2419 589 2488 spumant
601 2411 674 2470 vada
686 2430 826 2471 memore
837 2428 934 2471 verso.

110 2491 199 2549 Hunc
211 2492 292 2550 vehit
307 2491 439 2549 immanis
447 2491 563 2567 Triton,
578 2499 607 2550 et
620 2491 725 2550 coerula
737 2490 848 2551 conchi

111 2570 269 2629 Exterrens
281 2570 369 2629 freto:
390 2575 438 2629 cui
452 2570 572 2629 laterum
584 2578 668 2630 tenus
681 2571 795 2665 hispido
806 2570 888 2629 nunti

111 2650 203 2708 Frons
216 2650 365 2708 hominem
379 2650 501 2727 praefert,
514 2651 545 2708 in
558 2650 659 2728 pristin
672 2650 777 2709 desinit
788 2649 880 2726 uleus,

113 2729 240 2805 Spumea
252 2729 383 2788 semifero
397 2729 450 2788 sub
462 2738 578 2807 pectore
591 2736 748 2789 murmurat
760 2728 846 2788 undo.

110 2807 170 2866 Tot
182 2808 249 2868 lecti
261 2812 393 2886 proceres
407 2810 544 2885 terdenis
557 2808 678 2866 navibus
691 2807 772 2868 ibunt

112 2886 246 2945 subsidio
260 2887 367 2966 Trojre,
382 2896 411 2946 et
423 2906 540 2964 compos
554 2887 620 2945 aulis
633 2905 690 2945 rere
703 2885 847 2947 secubant.

148 2964 270 3041 Jamque
284 2965 345 3023 dies
359 2965 432 3023 coelo
445 2974 632 3041 concesserat,
647 2965 779 3044 almaque
791 2982 876 3025 curru

110 3043 141 3103 N
142 3044 271 3120 octivago
285 3042 396 3102 Phoebe
409 3043 537 3102 medium
550 3045 681 3121 pulsabat
693 3044 859 3125 Olympum.

94 3154 98 3163 ·
111 3121 227 3198 AEneos‚
242 3140 335 3199 neque
348 3121 426 3179 enirn
439 3122 574 3182 membris
587 3125 636 3182 dat
648 3143 716 3187 curs
728 3125 864 3203 quietem,

111 3199 178 3277 lpse
191 3201 294 3259 sedens
307 3199 478 3278 clerumque
492 3203 564 3278 regit
575 3202 705 3281 velisque
718 3202 866 3263 ministiot.

110 3282 207 3357 Atque
220 3279 271 3355 illi,
283 3278 379 3337 medio
392 3279 421 3336 in
436 3281 536 3356 spatio,
551 3281 739 3340 chorus-ecce
753 3301 868 3342 morum
961 3298 970 3315 ·

111 3357 243 3417 Occurrit
256 3358 402 3433 comitum,
416 3359 495 3434 Nym
518 3359 572 3434 hae,
587 3377 656 3434 quos
670 3358 745 3419 almo
758 3360 879 3440 Cybele

110 3437 229 3497 Numen
243 3436 350 3496 habere
363 3438 457 3512 maris,
503 3437 678 3515 ymphusque
692 3457 709 3497 e
723 3439 845 3501 novibus
857 3458 934 3521 esse,

110 3515 128 3573 J
129 3523 255 3575 usserat:
277 3515 414 3575 innabant
425 3517 538 3593 pariter,
551 3515 712 3593 fluctusque
726 3518 870 3598 secabant,

112 3594 191 3665 Quot
203 3592 281 3673 priirs
296 3603 389 3654 cerotae
402 3602 540 3654 steterant
553 3593 588 3652 ad
602 3593 696 3654 littora
707 3615 807 3674 prorae.

110 3673 280 3748 Agnoscunt
292 3672 378 3750 longis
392 3692 498 3748 regem,
512 3672 687 3754 lustrantque
700 3675 821 3734 choreis.

112 3750 240 3824 Quorum
254 3771 319 3830 que
331 3751 411 3811 sandi
422 3749 588 3810 doctissimo
600 3752 796 3834 Cymodocea,
