2370 4176
103 196 156 266 ild
506 194 688 255 bumbos

102 349 219 428 Terque
233 355 319 425 quate
352 365 391 406 ue
404 365 492 405 manu
504 355 610 424 pectus
622 364 758 423 percussa
771 345 920 423 decorum,
1040 409 1045 418 ,

102 366 458 504 Flaventasquabbseissa
472 444 587 483 eomas:
609 425 687 485 Prcb
700 423 831 500 Jupiter!
852 425 908 484 ibit
1032 430 1092 487 000

102 507 172 583 Hic,
188 508 236 583 uit,
251 514 282 567 et
292 504 397 565 nocuis
411 503 532 562 illuserit
546 504 658 563 advena
671 504 787 578 regnis?
817 529 820 534 ·

101 584 173 645 Non
187 603 265 644 arma
278 583 445 661 expedient,
459 583 576 658 totique
590 602 628 640 ex
642 580 713 640 urbe
727 590 893 660 sequentur,

103 663 314 743 Deripientque
327 670 403 721 rates
416 662 465 719 ulii
479 660 649 719 navalibus?
692 660 753 719 lte:

102 738 190 805 Ferte
204 741 254 800 citi
267 740 408 816 flammas,
422 740 488 798 date
502 741 577 816 vela,
591 738 732 816 impellite
747 759 851 798 remos.

103 819 184 891 Quid
197 821 319 897 loquor?
334 826 384 877 aut
397 817 448 876 ubi
462 822 547 876 sum?
562 838 628 895 quae
643 827 771 877 mentem
782 819 894 877 insania
903 822 1018 880 mutati
1031 824 1091 879 590

103 898 210 957 Infelix
224 899 319 957 Dido!
341 916 420 955 nunc
435 906 463 955 tc
474 898 549 971 t'aflta
562 898 653 975 impia
665 905 794 973 tangunt.

99 974 180 1036 Tum
194 977 301 1052 decuit,
316 974 409 1054 quum'
419 985 532 1053 sceptra
545 977 642 1034 dabas.
685 975 733 1034 En
748 977 849 1035 dextra
862 977 1009 1055 fidesque!

103 1055 201 1127 Quem
214 1074 314 1114 secum
328 1056 437 1132 patrios
450 1057 530 1113 aiunt
543 1057 673 1132 por-trisse
687 1055 822 1130 Penates,

103 1133 201 1207 Quem
214 1134 337 1193 subiisse
350 1134 480 1192 humeris
493 1135 658 1192 consectum
672 1141 756 1192 aetate
768 1136 936 1211 parentem!

101 1213 176 1277 Nun¹
185 1213 268 1292 potui
281 1212 431 1291 abreptum
445 1213 585 1271 divellere
599 1231 713 1289 corpus,
728 1221 759 1271 et
771 1214 856 1272 undis
1031 1220 1091 1274 600

103 1291 268 1369 Spargere?
288 1310 348 1351 non
362 1292 466 1367 socius,
481 1311 539 1350 non
554 1293 650 1369 ipsum
664 1291 816 1350 absumere
829 1293 904 1351 ferro

101 1369 271 1446 Ascanium,
285 1370 444 1448 patriisque
458 1370 633 1448 epulandum
647 1389 756 1446 ponere
770 1371 899 1429 mensis?

101 1447 216 1507 Verium
231 1468 338 1526 anceps
351 1469 457 1527 pugnae
472 1450 564 1507 suerat
576 1449 697 1506 fortuna.
739 1449 865 1508 Fuisset

102 1527 200 1599 Quem
215 1528 306 1585 metui
320 1528 477 1586 moritura?
517 1527 612 1584 Faces
625 1528 656 1584 in
670 1536 764 1585 castra
776 1527 925 1603 tulissem3

102 1603 332 1683 implessemque
346 1604 421 1663 ieros
435 1604 575 1678 flammis3
597 1613 757 1682 natumque
769 1615 939 1685 patremque
1031 1614 1091 1667 605

102 1684 178 1745 Cum
193 1703 299 1759 genere
314 1682 481 1743 extinxim:
503 1693 612 1743 memet
625 1703 712 1762 super
725 1685 789 1763 ipsa
802 1687 957 1746 dedissem.

103 1763 163 1839 Sol,
177 1764 227 1839 qui
240 1772 378 1822 terrarum
393 1763 517 1822 flammis
531 1782 621 1841 opera
634 1764 733 1822 omnia
745 1763 858 1841 lustras,

101 1841 206 1921 Tuque
219 1843 321 1901 harum
334 1842 477 1920 interpres
490 1862 621 1902 curarum
636 1851 665 1902 et
678 1845 794 1903 conscia
805 1844 893 1921 June,

99 1919 246 1981 Nocturni
280 1941 318 1981 ue
332 1922 446 1981 Hecate
460 1922 552 1982 triviis
565 1923 674 1982 ululata
686 1942 739 2000 per
751 1923 847 2001 urbes,

100 1999 143 2059 Et
156 1999 235 2058 Dine
249 2021 268 2058 u
280 2001 375 2076 trices,
390 2010 421 2060 et
433 1999 462 2058 di
476 2001 624 2060 morientis
638 2001 754 2078 Elusa,
1030 2008 1093 2062 610

100 2078 235 2156 Accipite
249 2078 323 2154 boec,
335 2079 528 2155 meritumque
541 2080 625 2138 malis
639 2080 778 2139 advertite
792 2100 911 2158 numen,

100 2155 143 2216 Et
155 2165 267 2216 nostras
281 2156 379 2215 audite
392 2175 505 2234 preces.
549 2158 580 2216 Si
594 2166 712 2233 tangere
725 2167 824 2236 portus

100 2235 256 2293 Infandum
271 2243 357 2314 caput
370 2252 405 2294 ac
415 2234 497 2293 terris
511 2235 617 2295 adnare
631 2255 753 2295 necesse
766 2246 821 2314 est,

100 2313 144 2377 nt
155 2314 197 2373 sic
210 2314 269 2371 fata
281 2313 368 2375 lovis¹
376 2322 511 2390 poscunt,
524 2313 573 2373 bic
587 2316 727 2374 terminus
737 2315 848 2390 baeret3

100 2394 141 2450 At
153 2391 231 2451 bello
245 2392 364 2452 audacis
375 2393 476 2471 pupuli
489 2402 611 2453 vexatus
624 2403 655 2454 et
668 2395 764 2471 armis,
1031 2401 1091 2456 015

100 2470 225 2530 Finibus
239 2470 369 2547 extorris,
385 2471 542 2549 complexu
555 2473 672 2532 avulsus
687 2474 754 2551 luti,

100 2549 253 2609 Auxilium
266 2550 411 2629 imploret⁷
423 2550 580 2629 videatque
593 2552 713 2630 indigna
727 2572 845 2613 suorum

100 2627 234 2704 Funera;
256 2649 322 2706 nec,
337 2649 429 2708 quum
444 2648 477 2689 se
489 2629 544 2690 sub
557 2631 636 2708 leges
644 2633 730 2770 pqcis
743 2633 852 2712 iniquae

101 2706 275 2785 'Pmdiderit
289 2729 378 2786 regno
393 2718 442 2769 aut
454 2711 552 2788 optati
565 2711 631 2770 luce
691 2720 770 2786 atur3

102 2787 162 2846 Sed
176 2788 261 2850 cadat
273 2797 341 2851 aute
355 2789 442 2864 diem,
457 2789 612 2868 mediique
626 2791 794 2850 inhumatus
807 2789 903 2849 meni.
1031 2796 1092 2851 020

102 2865 177 2924 Haec
189 2885 309 2943 precor:
330 2867 408 2929 hanc
421 2869 525 2926 vocem
539 2877 698 2928 extremam
712 2888 781 2928 cum
794 2869 936 2946 sanguina
948 2868 1047 2931 binde.

101 2944 180 3002 Tum
194 2964 256 3020 vos,
270 2965 288 3002 0
302 2945 394 3022 Tyrii,
410 2948 528 3023 stirpem
543 2956 573 3006 et
586 2966 679 3023 genus
693 2967 780 3007 omne
792 2947 921 3009 futurum

102 3022 249 3082 Exercete
263 3023 346 3097 odiis,
362 3023 510 3100 cinerique
524 3024 589 3086 haec
599 3027 703 3086 mittite
716 3035 816 3088 nostro

101 3099 245 3162 Munera:
267 3100 363 3160 nullus
378 3121 457 3161 amor
470 3104 584 3180 populis
598 3124 653 3163 nec
667 3105 777 3165 soedera
789 3114 883 3167 sunu.

101 3178 247 3239 Exoriare
257 3179 361 3257 dique
374 3181 479 3240 nostris
492 3202 530 3240 ex
544 3183 657 3243 ossibus
669 3185 753 3261 ultor,
1031 3191 1095 3247 020

69 3302 74 3309 .
102 3257 163 3329 Qui
176 3258 239 3317 sace
254 3259 420 3319 Dardanios
430 3260 561 3338 ferroque
575 3281 697 3340 sequare
711 3265 840 3342 colonus,
1023 3278 1026 3284 '

101 3338 134 3396 N
135 3356 204 3413 unc,
221 3338 302 3414 olim,
316 3357 502 3415 quocumque
516 3340 625 3401 dabunt
638 3362 670 3402 se
683 3353 742 3402 tem
783 3363 815 3405 re
827 3345 913 3406 vim·
982 3360 986 3368 '

101 3416 213 3475 Littera
225 3417 369 3477 littoribus
382 3419 533 3494 contraria,
547 3420 682 3480 fluctibus
694 3442 736 3482 un
756 3443 799 3500 as,
991 3485 993 3489 .

103 3495 259 3572 hnprecor,
275 3517 353 3555 arma
367 3497 466 3557 armis:
488 3509 620 3576 pugnent
632 3500 746 3579 ipsique
759 3511 949 3582 nepotemque.
1136 3549 1139 3553 -

142 3573 217 3633 Haec
232 3576 281 3650 ait,
296 3585 325 3635 et
337 3585 435 3655 partes
449 3578 576 3636 animum
590 3581 723 3641 versabat
735 3583 766 3641 in
780 3601 893 3659 omnus,
1031 3584 1096 3645 000

103 3649 232 3710 Invisam
246 3673 380 3731 quaerens
394 3655 607 3734 quamprimum
623 3659 793 3738 abrumpere
806 3662 912 3723 lucem.

102 3727 181 3789 Tum
195 3730 322 3791 breviter
334 3734 448 3795 Barcen
462 3737 602 3796 nutricem
617 3739 708 3816 affata·
718 3740 845 3818 Sychaei,
