2400 4178
104 190 143 247 ω
454 182 740 243 GEOBGICORUM

103 341 284 416 Arentesque
298 344 401 396 sonam
413 335 493 413 ripae,
508 333 654 412 collesque
667 334 773 413 supini.
1032 336 1100 401 “a

103 418 226 495 Jamque
242 415 410 475 catervatim
423 415 471 472 dot
485 423 618 489 stragem,
632 423 718 491 atque
731 422 848 490 aggerat
859 414 932 492 ipsis
1064 466 1073 473 ..

105 496 141 555 ln
154 495 274 554 stabulis
284 494 360 571 turpi
373 492 483 569 dilapso
496 493 637 550 cadavera
648 493 726 566 tabo,
1059 510 1068 520 ·

103 575 209 634 Donec
221 573 312 631 bomo
325 581 421 647 tegere
436 590 469 628 ac
483 569 576 628 foveis
589 570 766 629 abscondere
778 569 903 631 discunt.
953 586 957 591 ·

103 653 184 713 Nam
196 671 291 728 neque
305 660 365 708 erat
378 649 463 708 coriis
476 668 562 721 usus3
585 668 640 707 nec
653 650 767 709 viscera
778 649 930 729 quisquam

103 733 166 789 Aut
178 730 263 788 undis
278 727 392 786 abolere
405 734 510 805 potest,
524 736 573 786 out
585 728 703 786 vincere
715 726 850 802 tlamm13
1029 732 1100 793 ων

76 858 79 863 .
103 809 170 868 Nec
184 809 304 866 tondere
318 807 435 884 quidem
448 805 548 863 morbo
561 806 719 883 illuvieque
731 824 835 883 peren

103 885 239 958 Vellere3
260 903 315 943 nec
330 885 403 943 telus
415 892 538 961 possunt
548 885 689 961 attingere
702 892 808 962 putres·

103 960 218 1021 verum
232 964 319 1022 etiam
332 964 442 1021 invisos
454 962 480 1020 si
493 962 558 1039 quis
571 965 695 1022 tentirat
707 963 837 1039 amictus,

103 1042 248 1100 Ardentes
261 1042 386 1119 papule,
401 1050 485 1118 atque
496 1041 662 1100 immundus
675 1042 783 1100 olentia
796 1042 883 1100 sudor
899 1092 902 1097 .

104 1119 240 1178 Membra
253 1120 441 1196 sequebatur:
462 1138 518 1177 nee
533 1119 618 1196 longo
632 1120 737 1179 deinde
750 1119 873 1180 moranti

104 1196 252 1277 Tempore
265 1207 414 1258 contactus
427 1207 503 1256 arture
516 1216 598 1256 sacer
610 1199 686 1275 ignis
698 1198 811 1258 edebat.

343 1520 849 1598 GEORGIOORUM

279 1626 289 1640 ’
411 1697 540 1757 arnan
568 1670 780 1770 ausurus

104 1832 268 1892 horsus
284 1832 354 1891 aerii
367 1832 463 1891 ullis
476 1832 605 1891 coelestia
618 1833 696 1893 dona

104 1911 273 1987 Exsequar:
295 1910 483 1987 hanc⁰etiam‚
498 1911 658 1987 Maecenas,
673 1911 792 1989 adspice
803 1920 926 1991 partem.
1042 1951 1045 1956 -

104 1989 283 2046 Admiranda
295 1989 347 2048 tibi
360 1989 469 2048 levium
484 1990 649 2067 spectacula
665 2009 770 2065 rerum,

104 2067 365 2144 Magnanimosque
379 2069 477 2142 duces,
492 2069 635 2144 totiusque
649 2070 749 2126 ordine
762 2069 857 2144 gentis

104 2145 214 2219 Mores,
229 2154 258 2203 et
272 2147 374 2219 studia,
390 2153 419 2203 et
430 2145 561 2222 populos,
576 2154 606 2204 et
618 2147 728 2222 proelia,
742 2147 847 2204 dicam.
1071 2155 1098 2212 5

104 2222 141 2281 Iu
155 2224 235 2281 tenui
249 2223 346 2296 labor;
368 2230 398 2280 at
411 2224 505 2281 tenuis
518 2242 576 2281 non
591 2224 690 2300 gloria,
705 2226 830 2301 siquem

103 2301 234 2360 Numina
246 2300 320 2358 laeva
334 2300 440 2375 sinunt,
452 2303 590 2378 auditque
601 2311 719 2361 vocatus
733 2303 850 2380 Apollo.

143 2379 290 2456 Principio
304 2380 388 2438 sedes
402 2380 504 2456 apibus
518 2381 658 2458 statioque
671 2383 806 2458 petenda,

105 2453 173 2528 Qud
188 2476 283 2534 neque
294 2459 332 2516 sit
344 2459 438 2517 ventis
452 2460 545 2518 aditus
563 2459 645 2536 (uam
657 2459 765 2537 pabula
775 2460 856 2519 venti

103 2535 195 2593 Ferre
210 2536 326 2594 domum
340 2537 523 2616 probibent),
535 2557 632 2616 neque
645 2557 714 2597 oves
728 2539 863 2617 haedique
876 2537 987 2620 petulci
1050 2544 1102 2602 10·

103 2612 238 2672 Floribus
252 2615 400 2692 insultent,
414 2626 463 2675 aut
476 2635 573 2676 errans
586 2617 692 2677 bucula
705 2637 808 2696 campo

103 2692 243 2752 Decutiat
255 2713 358 2770 rorem,
372 2705 402 2754 et
415 2704 564 2772 surgentes
578 2704 679 2756 atterat
691 2695 805 2756 herbas.

103 2771 210 2830 Absint
224 2780 254 2832 et
265 2774 337 2851 picti
350 2775 510 2851 squalentia
523 2785 602 2851 terga
614 2775 713 2835 lacerti

104 2849 265 2926 Pinguibus
279 2872 296 2910 a
309 2852 437 2928 stabulis,
453 2872 652 2930 meropesque,
667 2853 789 2928 aliaeque
801 2853 943 2930 volueres,

104 2928 146 2987 Et
159 2930 291 2988 manibus
305 2931 417 2989 Procne
431 2940 532 3007 pectus
546 2933 658 3007 signata
670 2929 815 2987 cruentis:
1050 2936 1096 2993 1⁶

105 3006 213 3065 Omnia
226 3027 293 3065 nam
306 3004 364 3065 late
378 3016 500 3082 vastant,
514 3010 647 3086 ipsasque
661 3008 791 3066 volantes

105 3084 164 3143 Ore
177 3085 281 3160 lerunt,
296 3086 411 3145 dulcem
425 3088 500 3145 nidis
514 3089 671 3146 imminbus
685 3104 792 3144 escam.

104 3163 144 3221 At
157 3163 259 3240 liquidi
272 3165 365 3223 santes
379 3174 408 3224 et
421 3174 521 3241 stagna
534 3166 655 3224 virentia
668 3181 767 3221 musco

104 3242 219 3317 Adsint,
235 3251 264 3302 et
278 3244 373 3302 tenuis
387 3244 500 3321 fugiens
514 3262 566 3321 per
578 3243 708 3319 gramina
722 3242 810 3315 rivus,

105 3320 262 3398 Palmaque
276 3322 452 3381 vestibulum
466 3331 516 3380 aut
528 3323 630 3397 ingens
644 3320 766 3378 oleaster
779 3319 940 3394 inumbret;
1048 3328 1098 3386 20

105 3398 158 3475 Ut,
172 3420 260 3479 quum
273 3402 367 3478 prima
379 3401 448 3460 novi
462 3402 571 3459 ducent
582 3399 717 3459 examina
729 3417 811 3474 reges

104 3476 184 3536 Vere
199 3499 261 3554 sno,
276 3480 413 3555 ludetque
426 3479 499 3537 favis
513 3479 618 3536 emissa
626 3481 775 3556 juventus,

5 3558 9 3565 '
105 3552 214 3615 Vicina
227 3558 329 3616 invitet
342 3558 484 3616 decedere
498 3558 560 3632 ripa
572 3557 670 3632 calori,

106 3634 258 3713 Obviaque
272 3637 405 3712 hospitiis
418 3643 515 3694 teneat
528 3634 726 3693 frondentibus
740 3633 831 3692 arbos

107 3711 145 3772 ln
156 3715 294 3792 medium,
309 3733 361 3774 seu
376 3714 462 3774 stabit
473 3714 561 3790 iners²
575 3732 626 3774 seu
639 3713 763 3793 profluet
775 3713 892 3789 humor,
1050 3722 1101 3779 25
