2400 4178
108 192 161 250 178
517 188 700 248 AENEIDOS

106 339 214 400 Troius
227 339 351 415 AEneas,
362 339 470 419 pietate
484 339 604 415 insignis
617 349 647 398 et
659 339 755 415 armis,

105 419 155 479 Ad
167 419 327 496 genitorem
339 419 412 479 imas
425 418 517 478 Erebi
531 419 681 477 descendit
694 418 730 475 ad
743 418 868 478 umbras.

108 498 139 555 Si
152 505 182 557 te
196 497 275 556 nulla
288 505 387 557 movet
399 506 486 557 tante
500 497 614 576 pietatis
628 498 734 573 imago,

104 579 147 634 At
159 595 271 635 remum
284 576 363 636 huno
381 573 413 653 (a
433 577 487 635 erit
499 594 610 634 ramum
624 576 674 653 qui
687 584 768 635 veste
781 574 903 657 latebst)

105 657 265 730 Agnosces.
307 654 398 713 Turni
419 674 437 713 a
450 672 488 712 ex
501 654 543 711 inl
556 662 619 711 tum
633 652 720 712 eorda
733 654 872 714 residunt.

105 731 172 792 Nec
185 733 269 824 plura
281 731 336 790 his.
357 732 444 808 ·llle,
458 732 601 790 admirans
615 733 780 792 venerabile
793 733 902 795 donnrn

105 811 214 869 Fatalis
228 811 326 885 virgae,
341 811 427 888 longo
440 807 506 888 pbst
517 819 648 902 tempore
662 812 766 888 visum,

106 889 269 947 Caeruleum
284 890 406 948 advertit
419 890 550 967 puppim,
565 908 694 966 rrpaeqne
707 891 888 970 propinquat.

107 968 180 1026 lude
195 967 264 1025 alias
279 969 398 1043 animas,
433 988 477 1025 uae
491 987 545 1044 per
553 970 625 1045 juga
635 968 721 1046 longe
734 970 882 1047 sedebant,

106 1046 258 1122 Deturbnt
273 1045 407 1124 laxatque
413 989 516 1120 qloros;
538 1047 622 1105 simul
637 1049 745 1125 ancipit
758 1048 841 1107 alveo

107 1125 260 1199 Ingentem
275 1124 401 1185 AEnean.
445 1127 563 1184 Gemuit
576 1126 629 1183 sub
643 1128 771 1203 pondere
786 1126 891 1206 cymba

107 1203 218 1277 Sutilis,
233 1212 262 1262 et
275 1204 395 1263 multam
409 1205 521 1281 aceepit
534 1205 639 1276 rimosa
651 1206 797 1282 pnlndem.

105 1281 239 1339 Tandem
253 1290 331 1340 trans
344 1282 463 1342 fluvium
478 1284 640 1342 incolumes
652 1294 805 1362 vatemque
818 1286 971 1363 virumque

107 1360 225 1418 Insormi
239 1360 308 1420 limo
322 1362 481 1439 glnuoique
496 1365 614 1440 exponit
628 1364 657 1421 in
672 1363 748 1421 ulvti.

106 1439 250 1497 Cerberus
264 1441 328 1499 haee
342 1441 444 1516 ingens
458 1442 560 1500 latratu
574 1461 662 1517 regna
675 1442 788 1500 trifauci

105 1518 254 1592 Personat,
270 1521 390 1578 adverso
404 1520 544 1577 recubans
557 1521 690 1579 immanis
704 1520 734 1577 in
749 1529 839 1580 antro.

105 1597 164 1654 Cui
178 1607 266 1671 vates,
281 1597 397 1656 horrere
411 1598 512 1656 videns
521 1602 583 1676 jam
597 1599 672 1655 eolla
685 1599 820 1676 colubris,

106 1675 198 1733 Melle
213 1684 373 1753 soporatam
388 1684 417 1735 et
430 1677 580 1735 medicatis
593 1676 723 1754 frugibus
737 1678 824 1736 offam

106 1754 215 1832 Objioit
228 1775 234 1811 :
256 1755 315 1829 ille,
329 1755 405 1813 same
419 1755 519 1813 rabidi
532 1757 585 1815 tria
598 1766 714 1832 guttura
726 1760 866 1834 pandens,

106 1834 232 1911 Corripit
245 1833 398 1913 objectam,
414 1844 500 1912 atque
514 1836 652 1894 immania
665 1847 745 1911 terga
757 1837 874 1895 resolvit

104 1914 202 1973 Fusus
215 1912 308 1988 humi,
323 1922 440 1990 totoque
454 1915 557 1989 ingena
572 1916 736 1973 extenditur
750 1923 838 1973 antro.

106 1993 239 2069 Occupat
252 1993 363 2050 AEneas
379 1993 499 2067 aditum,
515 1995 635 2050 custode
649 1993 773 2070 sepulto,

106 2072 271 2148 Evaditque
285 2071 363 2128 celer
376 2071 466 2147 ripam
482 2071 668 2128 irremeabilis
683 2073 780 2127 undre.

145 2147 292 2209 Continub
307 2150 412 2207 auditae
427 2167 524 2222 voees,
538 2150 650 2223 vagitus
665 2158 694 2206 et
708 2150 819 2224 ingens,

106 2228 311 2303 Infantquue
326 2227 428 2284 animae
441 2226 544 2284 flentes
558 2227 587 2283 in
602 2226 701 2284 limine
714 2228 806 2303 primo
818 2248 825 2301 3
932 2258 935 2264 ·

106 2306 189 2378 Quos
203 2306 295 2363 dulcis
309 2306 376 2363 vitre
390 2306 519 2363 exsbrtes
534 2313 562 2362 et
577 2305 612 2362 ab
626 2304 714 2363 ubere
729 2315 824 2382 raptos

105 2385 233 2443 Abstulit
247 2393 307 2442 atra
320 2384 393 2458 dies,
407 2392 436 2441 et
449 2383 549 2441 funere
564 2385 664 2443 mersit
678 2384 790 2443 acerbo.

105 2464 170 2522 Hos
181 2466 266 2542 juxta
279 2463 350 2521 salso
365 2463 492 2521 damnati
507 2463 626 2521 crimine
641 2465 748 2522 mortis.

105 2542 172 2602 Nee
186 2540 255 2601 verb
269 2541 316 2599 hae
331 2542 393 2600 sine
408 2551 483 2601 sorte
498 2543 582 2617 datae,
597 2543 660 2600 sine
670 2544 779 2622 judice,
794 2543 887 2602 sedes.

107 2622 254 2693 Qnaesitor
267 2621 367 2680 Minos
380 2640 481 2681 urnam
496 2631 612 2680 movet:
634 2622 684 2681 ille
699 2622 834 2681 silentirm

106 2702 329 2778 Consiliumque
343 2710 438 2776 vocnt,
452 2702 584 2779 vitasque
599 2711 628 2760 et
641 2703 764 2760 crimina
776 2702 868 2759 discit.
887 2726 890 2731 ’

106 2780 243 2839 Proxima
257 2781 363 2839 deinde
377 2789 480 2839 tenent
493 2781 587 2838 moesti
602 2781 675 2855 loca,
690 2781 739 2857 qui
753 2780 808 2837 sibi
821 2780 910 2838 letum

107 2859 240 2918 Insontes
254 2858 394 2936 peperere
409 2879 506 2933 manu,
522 2859 674 2934 lucemque
687 2858 781 2934 perosi

106 2936 260 3016 Projecbre
275 2934 393 2995 animas.
436 2936 533 3007 Quum
546 2937 656 3017 vellent
670 2937 777 2994 rethere
790 2936 820 2993 in
836 2937 892 2995 alto

106 3016 138 3074 N
139 3035 196 3073 une
210 3024 239 3072 et
252 3015 418 3091 pauperiem
433 3022 462 3072 et
475 3017 561 3073 duros
574 3015 699 3092 perferre
713 3015 844 3072 labores!

106 3094 165 3152 Fas
180 3093 283 3168 obstat,
297 3093 427 3169 tristique
441 3094 523 3170 palus
537 3093 699 3151 inamabilis
713 3094 791 3150 undis

109 3172 227 3247 Allignt,
242 3180 271 3230 et
284 3172 385 3230 novies
400 3173 473 3248 Styx
486 3172 625 3230 interfusa
638 3174 760 3238 eobrcet.

106 3252 138 3310 N
140 3270 173 3308 eo
186 3251 287 3327 procul
301 3251 369 3309 hino
383 3260 493 3326 partem
508 3250 563 3308 lusi
578 3257 770 3307 monstrantur
783 3252 813 3308 in
827 3269 943 3311 omnem
1032 3256 1098 3311 440

107 3331 255 3406 Lugentes
269 3330 381 3406 campi:
404 3331 445 3387 sio
459 3329 524 3386 illos
537 3329 654 3386 nomine
668 3328 777 3387 dieunt.

107 3409 167 3467 ch
182 3428 253 3485 quos
268 3409 354 3466 durus
369 3428 448 3466 amor
461 3407 570 3465 erudeli
584 3405 649 3463 tabe
663 3409 775 3482 peredit

109 3487 220 3546 Secreti
234 3486 328 3546 celant
341 3487 438 3562 calles,
454 3494 483 3544 et
496 3493 607 3562 myrtea
620 3482 728 3545 circirm

109 3565 190 3624 Silva
202 3565 291 3642 tegit3
314 3584 391 3624 curre
405 3584 463 3622 nou
478 3564 584 3640 ipsein
599 3573 690 3622 morte
704 3565 878 3641 relinquunt.

108 3644 165 3702 His
179 3644 333 3703 Phaedram
347 3645 523 3720 Procrinque
536 3643 618 3718 loeis,
633 3653 823 3722 moestamque
837 3639 1000 3722 Eriphylen
1033 3650 1099 3709 445

109 3722 244 3783 Crudelis
258 3724 318 3783 nati
332 3730 537 3784 monstrantem
550 3722 680 3801 rulnera²
695 3723 795 3800 cernit,
