2400 4178
13 139 18 145 ’
55 237 60 249 κ
103 166 141 224 co
454 164 739 233 nuoomconuu

144 313 251 373 Omnia
264 333 340 390 quse,
354 312 467 373 Phoebo
480 305 626 393 quondam
641 314 809 391 meditante,
823 314 925 376 besum

82 422 84 426 ·
102 393 206 452 Audiit
216 392 350 467 Eurotas,
360 393 504 471 jussitque
518 395 645 453 ediscere
659 393 764 468 lauros,

105 469 160 529 Ille
174 471 269 529 canit:
290 471 383 548 pulste
397 469 523 530 referunt
536 472 572 530 od
585 473 680 530 sidero
691 471 799 529 velles:

104 548 217 625 Cogere
230 549 324 608 donec
338 567 408 607 oves
422 550 541 609 stabulis
553 567 763 626 numerumque
776 549 881 610 referre
1047 552 1090 607 85

102 625 209 707 Jussit,
217 635 247 686 et
258 627 349 686 invito
362 627 504 704 processit
517 629 632 705 Vesper
646 627 780 705 Olympo.
803 644 806 645 ’

405 933 653 1008 ECLOGA
677 935 779 1009 ΥΠ.

330 1167 512 1247 officiumne,
527 1167 851 1224 conunonrnunsrs.
873 1224 876 1227 ,

101 1327 205 1386 Fonru
220 1327 273 1385 sub
288 1329 387 1405 argutis
401 1269 818 1406 consecildddddl‘ibldsbephniu

101 1406 364 1483 Compuleruutque
379 1426 480 1483 greges
492 1407 628 1482 Corydon
643 1415 672 1464 et
685 1406 806 1482 Thyrsis
821 1407 851 1464 in
865 1425 973 1482 unum,

39 1489 43 1494 “
101 1482 222 1559 'Ibyrsis
236 1504 314 1560 oves,
330 1486 464 1561 Corydon
479 1485 617 1542 distentus
630 1483 705 1541 lacte
716 1484 860 1560 capellos3

17 1587 20 1590 ⁴
100 1560 196 1619 Ambo
209 1562 343 1621 florentes
357 1562 497 1636 aetctibns,
512 1562 641 1623 Arcades
655 1561 759 1634 cmb‘o;

100 1639 152 1713 Et,
168 1648 283 1698 contere
296 1659 390 1716 peres,
405 1649 435 1698 et
448 1641 621 1716 respondere
638 1640 738 1716 parati.
1062 1648 1083 1700 5
1108 1672 1111 1678 ·

139 1717 207 1776 Huc
223 1718 304 1793 mihi,
319 1720 387 1776 dum
402 1727 513 1782 teneras
528 1718 651 1776 defendo
669 1719 802 1795 efrigore
816 1727 933 1794 myrtos,

59 1818 61 1823 ·
98 1795 154 1852 Vir
167 1798 260 1873 gregis
274 1798 337 1874 ipse
351 1816 438 1874 caper
452 1797 648 1855 deerraverct:
671 1805 755 1874 atque
770 1816 823 1873 ego
835 1797 975 1874 Daphnin

98 1873 247 1951 Adspicio.
292 1875 345 1933 Ille
359 1876 409 1933 ubi
423 1875 469 1933 me
484 1873 583 1934 contro
596 1876 683 1949 videt,
700 1872 802 1950 Ocius,
816 1875 919 1952 inquit,

98 1950 167 2009 Huc
183 1954 260 2028 edes,
274 1972 291 2010 o
306 1954 464 2026 Meliboee3
486 1974 573 2031 cuper
584 1953 638 2012 tibi
651 1953 756 2028 salvus,
772 1963 802 2011 et
814 1954 909 2012 haedi:

99 2028 150 2105 Et,
164 2030 188 2088 si
202 2031 271 2108 quid
284 2050 397 2090 cessere
410 2041 503 2110 potes,
517 2033 666 2108 requiesce
679 2031 732 2089 sub
743 2031 862 2089 umbris:
1039 2039 1076 2090 10

99 2106 167 2166 Huc
181 2110 238 2186 ipsi
251 2119 351 2186 potum
365 2112 483 2169 venient
495 2129 549 2186 per
561 2118 642 2186 proto
651 2110 771 2188 juvenci
782 2129 791 2181 ;

98 2185 159 2246 Hic
173 2188 271 2246 viridis
285 2189 384 2246 teneri
397 2189 531 2264 praetexit
544 2189 682 2247 arundine
696 2188 772 2264 ripas

97 2264 237 2342 Mincius,
252 2286 326 2344 eque
341 2267 421 2324 secrd
435 2275 570 2324 resonant
585 2265 719 2323 examino
731 2284 848 2342 quercu.

98 2343 178 2414 Quid
192 2344 340 2402 facerem?
361 2363 456 2419 neque
470 2362 524 2419 ego
535 2344 691 2420 Alcippen,
702 2362 757 2401 nec
771 2342 916 2420 Phyllide,
925 2343 1078 2420 habebam,

96 2420 244 2499 Depulsos
258 2443 275 2480 a
288 2423 363 2480 lacte
377 2422 456 2479 domi
470 2441 533 2498 quae
549 2421 695 2481 clauderet
708 2441 816 2497 ogn0s3
1041 2428 1078 2482 15

96 2499 139 2558 Et
151 2508 297 2559 certamen
311 2508 380 2576 eret,
396 2501 531 2578 Corydon
546 2520 614 2559 cum
627 2499 782 2578 Thyrside,
796 2519 950 2575 magnum:

95 2577 255 2637 Posthobui
268 2587 365 2637 tomen
378 2579 493 2638 illorum
507 2599 572 2637 meo
586 2579 660 2637 serie
672 2579 750 2637 ludo.

95 2656 223 2716 Alternis
237 2657 323 2733 igitur
336 2657 512 2716 contendere
525 2657 656 2723 versibus
670 2659 754 2716 umbo

96 2733 240 2813 Goepdre3
262 2736 385 2795 alternos
398 2736 494 2795 Musae
505 2736 671 2795 meminisse
683 2735 829 2795 volebant.

96 2812 162 2872 Hos
176 2814 322 2892 Corydon,
336 2815 401 2873 illos
415 2815 557 2873 rescrebat
570 2815 600 2873 in
614 2814 714 2872 ordine
727 2814 858 2892 Thprsis.
994 2815 996 2819 ’
1037 2818 1076 2872 20

248 2972 250 2978 ,
510 2951 659 2991 conrnou.

95 3009 254 3088 Nymphae,
268 3019 365 3069 noster
379 3030 466 3086 umor,
481 3011 675 3087 Libethrides,
690 3019 739 3070 ant
751 3009 823 3069 mihi
837 3025 963 3085 cumen,

97 3088 192 3159 Quale
205 3107 271 3148 meo
285 3090 391 3164 Codro,
406 3091 575 3163 concedite,
596 3083 729 3167 proximo
753 3086 859 3149 Pboebi

95 3165 236 3226 Versibus
248 3168 298 3226 ille
311 3169 397 3228 facit:
422 3177 480 3244 out,
495 3169 519 3226 si
532 3188 591 3226 non
604 3186 757 3245 possumus
771 3183 882 3240 omnes,

95 3244 156 3304 Hic
171 3254 270 3323 arguto
282 3248 364 3305 socrd
377 3246 517 3325 pendebit
529 3247 624 3306 fistula
636 3246 716 3325 pinu.
815 3252 817 3257 '

515 3383 652 3422 nnrnsrs.

95 3442 239 3519 Pmtorcs,
253 3440 362 3502 hedeni
375 3451 553 3503 crescentem
565 3451 663 3501 omote
676 3444 803 3519 poetam,
1034 3443 1076 3498 25

95 3522 235 3599 Arcades,
249 3523 359 3581 invidit
372 3529 540 3599 rumpantur
553 3530 585 3581 ut
597 3521 647 3578 ilia
660 3519 776 3578 Codro:

96 3602 165 3677 Aut,
180 3601 205 3659 si
218 3600 292 3661 ultro
305 3601 443 3678 placitum
456 3600 587 3674 leuddrit,
601 3596 724 3657 baccare
736 3595 858 3657 frontem

97 3679 222 3758 cingite,
237 3699 274 3738 ne
287 3679 347 3738 veti
359 3686 464 3737 nocent
478 3679 553 3737 maio
565 3677 664 3752 lingue
676 3675 779 3739 sutum.
