<?xml version="1.0" encoding="UTF-8"?>
<!DOCTYPE html PUBLIC "-//W3C//DTD XHTML 1.0 Transitional//EN"
    "http://www.w3.org/TR/xhtml1/DTD/xhtml1-transitional.dtd">
<html xmlns="http://www.w3.org/1999/xhtml" xml:lang="en" lang="en">
 <head>
  <title>
</title>
<meta http-equiv="Content-Type" content="text/html;charset=utf-8" />
  <meta name='ocr-system' content='tesseract 3.04.00' />
  <meta name='ocr-capabilities' content='ocr_page ocr_carea ocr_par ocr_line ocrx_word'/>
</head>
<body>
  <div class='ocr_page' id='page_1' title='image "./bucolicageorgic02virggoog/bucolicageorgic02virggoog_0067.png"; bbox 0 0 2400 4178; ppageno 0'>
   <div class='ocr_carea' id='block_1_1' title="bbox 105 191 745 250">
    <p class='ocr_par' dir='ltr' id='par_1_1' title="bbox 105 191 745 250">
     <span class='ocr_line' id='line_1_1' title="bbox 105 191 745 250; baseline -0.005 0"><span class='ocrx_word' id='word_1_1' title='bbox 105 197 141 250; x_wconf 80' lang='lat' dir='ltr'>ot</span> <span class='ocrx_word' id='word_1_2' title='bbox 457 191 745 249; x_wconf 73' lang='lat' dir='ltr'>Guouulcoutut</span> 
     </span>
    </p>
   </div>
   <div class='ocr_carea' id='block_1_2' title="bbox 104 342 1096 892">
    <p class='ocr_par' dir='ltr' id='par_1_2' title="bbox 105 342 785 421">
     <span class='ocr_line' id='line_1_2' title="bbox 105 342 785 421; baseline -0.001 -20"><span class='ocrx_word' id='word_1_3' title='bbox 105 343 291 421; x_wconf 88' lang='lat' dir='ltr'>Pascentem,</span> <span class='ocrx_word' id='word_1_4' title='bbox 304 350 334 403; x_wconf 90' lang='lat' dir='ltr'>et</span> <span class='ocrx_word' id='word_1_5' title='bbox 347 362 417 402; x_wconf 78' lang='lat' dir='ltr'>serae</span> <span class='ocrx_word' id='word_1_6' title='bbox 432 342 522 401; x_wconf 90' lang='lat' dir='ltr'>solam</span> <span class='ocrx_word' id='word_1_7' title='bbox 536 343 678 401; x_wconf 83' lang='lat' dir='ltr'>decedere</span> <span class='ocrx_word' id='word_1_8' title='bbox 691 342 785 414; x_wconf 80' lang='lat' dir='ltr'>nocti3</span> 
     </span>
    </p>

    <p class='ocr_par' dir='ltr' id='par_1_3' title="bbox 105 420 835 500">
     <span class='ocr_line' id='line_1_3' title="bbox 105 420 835 500; baseline -0.003 -20"><span class='ocrx_word' id='word_1_9' title='bbox 105 420 254 482; x_wconf 78' lang='lat' dir='ltr'>Continui)</span> <span class='ocrx_word' id='word_1_10' title='bbox 269 423 385 500; x_wconf 89' lang='lat' dir='ltr'>culpam</span> <span class='ocrx_word' id='word_1_11' title='bbox 397 421 472 481; x_wconf 88' lang='lat' dir='ltr'>ferro</span> <span class='ocrx_word' id='word_1_12' title='bbox 485 440 651 498; x_wconf 77' lang='lat' dir='ltr'>compesce,</span> <span class='ocrx_word' id='word_1_13' title='bbox 666 421 835 497; x_wconf 77' lang='lat' dir='ltr'><strong>priusquam</strong></span> 
     </span>
    </p>

    <p class='ocr_par' dir='ltr' id='par_1_4' title="bbox 105 499 808 578">
     <span class='ocr_line' id='line_1_4' title="bbox 105 499 808 578; baseline -0.003 -20"><span class='ocrx_word' id='word_1_14' title='bbox 105 501 178 559; x_wconf 90' lang='lat' dir='ltr'>Dira</span> <span class='ocrx_word' id='word_1_15' title='bbox 190 521 243 578; x_wconf 90' lang='lat' dir='ltr'>per</span> <span class='ocrx_word' id='word_1_16' title='bbox 255 501 406 559; x_wconf 87' lang='lat' dir='ltr'>incautum</span> <span class='ocrx_word' id='word_1_17' title='bbox 419 508 537 577; x_wconf 87' lang='lat' dir='ltr'>serpant</span> <span class='ocrx_word' id='word_1_18' title='bbox 549 499 682 575; x_wconf 86' lang='lat' dir='ltr'>contagia</span> <span class='ocrx_word' id='word_1_19' title='bbox 694 499 808 575; x_wconf 85' lang='lat' dir='ltr'>vulgus.</span> 
     </span>
    </p>

    <p class='ocr_par' dir='ltr' id='par_1_5' title="bbox 104 577 1096 749">
     <span class='ocr_line' id='line_1_5' title="bbox 104 577 1096 655; baseline 0.004 -18"><span class='ocrx_word' id='word_1_20' title='bbox 104 579 174 637; x_wconf 91' lang='lat' dir='ltr'>Non</span> <span class='ocrx_word' id='word_1_21' title='bbox 189 589 247 638; x_wconf 90' lang='lat' dir='ltr'>tam</span> <span class='ocrx_word' id='word_1_22' title='bbox 260 579 362 637; x_wconf 86' lang='lat' dir='ltr'>creber</span> <span class='ocrx_word' id='word_1_23' title='bbox 375 597 463 654; x_wconf 88' lang='lat' dir='ltr'>agens</span> <span class='ocrx_word' id='word_1_24' title='bbox 476 578 605 637; x_wconf 82' lang='lat' dir='ltr'>hiemem</span> <span class='ocrx_word' id='word_1_25' title='bbox 618 577 676 635; x_wconf 91' lang='lat' dir='ltr'>ruit</span> <span class='ocrx_word' id='word_1_26' title='bbox 689 595 805 655; x_wconf 71' lang='lat' dir='ltr'>equore</span> <span class='ocrx_word' id='word_1_27' title='bbox 818 577 912 654; x_wconf 89' lang='lat' dir='ltr'>turbo,</span> <span class='ocrx_word' id='word_1_28' title='bbox 1028 585 1096 641; x_wconf 79' lang='lat'>47⁰</span> 
     </span>
     <span class='ocr_line' id='line_1_6' title="bbox 106 655 920 749; baseline 0.001 -34"><span class='ocrx_word' id='word_1_29' title='bbox 106 655 205 728; x_wconf 70' lang='lat' dir='ltr'>Quam</span> <span class='ocrx_word' id='word_1_30' title='bbox 220 657 320 717; x_wconf 67' lang='lat' dir='ltr'>multae</span> <span class='ocrx_word' id='word_1_31' title='bbox 332 658 481 749; x_wconf 87' lang='lat' dir='ltr'>pecudum</span> <span class='ocrx_word' id='word_1_32' title='bbox 495 665 609 734; x_wconf 84' lang='lat' dir='ltr'>pestes:</span> <span class='ocrx_word' id='word_1_33' title='bbox 631 674 687 714; x_wconf 84' lang='lat' dir='ltr'>uec</span> <span class='ocrx_word' id='word_1_34' title='bbox 699 656 814 733; x_wconf 76' lang='lat' dir='ltr'>singula</span> <span class='ocrx_word' id='word_1_35' title='bbox 826 657 920 716; x_wconf 87' lang='lat' dir='ltr'>morbi</span> 
     </span>
    </p>

    <p class='ocr_par' dir='ltr' id='par_1_6' title="bbox 104 732 813 873">
     <span class='ocr_line' id='line_1_7' title="bbox 104 732 813 873; baseline -0.003 -79"><span class='ocrx_word' id='word_1_36' title='bbox 104 736 233 812; x_wconf 88' lang='lat' dir='ltr'>Corpora</span> <span class='ocrx_word' id='word_1_37' title='bbox 245 735 412 813; x_wconf 78' lang='lat' dir='ltr'>corripiunt,</span> <span class='ocrx_word' id='word_1_38' title='bbox 425 737 478 793; x_wconf 87' lang='lat' dir='ltr'>sed</span> <span class='ocrx_word' id='word_1_39' title='bbox 491 743 550 793; x_wconf 90' lang='lat' dir='ltr'>tots</span> <span class='ocrx_word' id='word_1_40' title='bbox 563 736 664 793; x_wconf 73' lang='lat' dir='ltr'>estiva</span> <span class='ocrx_word' id='word_1_41' title='bbox 675 732 813 873; x_wconf 52' lang='lat' dir='ltr'>repenti,</span> 
     </span>
    </p>

    <p class='ocr_par' dir='ltr' id='par_1_7' title="bbox 106 813 1084 892">
     <span class='ocr_line' id='line_1_8' title="bbox 106 813 1084 892; baseline 0.007 -22"><span class='ocrx_word' id='word_1_42' title='bbox 106 814 254 890; x_wconf 88' lang='lat' dir='ltr'>Spemque</span> <span class='ocrx_word' id='word_1_43' title='bbox 268 832 444 891; x_wconf 82' lang='lat' dir='ltr'>gregemque</span> <span class='ocrx_word' id='word_1_44' title='bbox 458 815 554 888; x_wconf 90' lang='lat' dir='ltr'>simul,</span> <span class='ocrx_word' id='word_1_45' title='bbox 569 821 762 890; x_wconf 85' lang='lat' dir='ltr'>cunctamque</span> <span class='ocrx_word' id='word_1_46' title='bbox 825 813 936 892; x_wconf 73' lang='lat' dir='ltr'>origiue</span> <span class='ocrx_word' id='word_1_47' title='bbox 949 824 1084 892; x_wconf 81' lang='lat' dir='ltr'>gentem.</span> 
     </span>
    </p>
   </div>
   <div class='ocr_carea' id='block_1_3' title="bbox 104 891 1097 3774">
    <p class='ocr_par' dir='ltr' id='par_1_8' title="bbox 104 891 1096 1204">
     <span class='ocr_line' id='line_1_9' title="bbox 144 891 808 969; baseline 0.005 -21"><span class='ocrx_word' id='word_1_48' title='bbox 144 891 222 949; x_wconf 89' lang='lat' dir='ltr'>Tum</span> <span class='ocrx_word' id='word_1_49' title='bbox 236 893 316 969; x_wconf 88' lang='lat' dir='ltr'>sciat,</span> <span class='ocrx_word' id='word_1_50' title='bbox 332 894 422 950; x_wconf 73' lang='lat' dir='ltr'>aerias</span> <span class='ocrx_word' id='word_1_51' title='bbox 436 893 527 969; x_wconf 83' lang='lat' dir='ltr'>Alpes</span> <span class='ocrx_word' id='word_1_52' title='bbox 540 901 570 950; x_wconf 90' lang='lat' dir='ltr'>et</span> <span class='ocrx_word' id='word_1_53' title='bbox 582 892 692 950; x_wconf 88' lang='lat' dir='ltr'>Norica</span> <span class='ocrx_word' id='word_1_54' title='bbox 704 893 729 950; x_wconf 88' lang='lat' dir='ltr'>si</span> <span class='ocrx_word' id='word_1_55' title='bbox 743 891 808 968; x_wconf 87' lang='lat' dir='ltr'>quis</span> 
     </span>
     <span class='ocr_line' id='line_1_10' title="bbox 104 969 1096 1048; baseline 0.002 -22"><span class='ocrx_word' id='word_1_56' title='bbox 104 969 232 1028; x_wconf 88' lang='lat' dir='ltr'>Castella</span> <span class='ocrx_word' id='word_1_57' title='bbox 244 971 275 1028; x_wconf 89' lang='lat' dir='ltr'>iu</span> <span class='ocrx_word' id='word_1_58' title='bbox 288 971 418 1046; x_wconf 90' lang='lat' dir='ltr'>tumulis,</span> <span class='ocrx_word' id='word_1_59' title='bbox 433 979 463 1028; x_wconf 89' lang='lat' dir='ltr'>et</span> <span class='ocrx_word' id='word_1_60' title='bbox 477 970 592 1048; x_wconf 85' lang='lat' dir='ltr'>Iapydis</span> <span class='ocrx_word' id='word_1_61' title='bbox 607 989 674 1028; x_wconf 87' lang='lat' dir='ltr'>arva</span> <span class='ocrx_word' id='word_1_62' title='bbox 686 971 811 1047; x_wconf 83' lang='lat' dir='ltr'>Timavi,</span> <span class='ocrx_word' id='word_1_63' title='bbox 1027 978 1096 1035; x_wconf 67' lang='grc'>478</span> 
     </span>
     <span class='ocr_line' id='line_1_11' title="bbox 104 1044 901 1128; baseline 0.003 -23"><span class='ocrx_word' id='word_1_64' title='bbox 104 1047 195 1106; x_wconf 85' lang='lat' dir='ltr'>Nunc</span> <span class='ocrx_word' id='word_1_65' title='bbox 209 1068 325 1127; x_wconf 92' lang='lat' dir='ltr'>quoque</span> <span class='ocrx_word' id='word_1_66' title='bbox 335 1044 402 1128; x_wconf 79' lang='lat' dir='ltr'>post</span> <span class='ocrx_word' id='word_1_67' title='bbox 415 1057 494 1108; x_wconf 85' lang='lat' dir='ltr'>tanto</span> <span class='ocrx_word' id='word_1_68' title='bbox 509 1050 614 1123; x_wconf 88' lang='lat' dir='ltr'>videat,</span> <span class='ocrx_word' id='word_1_69' title='bbox 629 1050 798 1125; x_wconf 82' lang='lat' dir='ltr'>desertaque</span> <span class='ocrx_word' id='word_1_70' title='bbox 812 1066 901 1126; x_wconf 80' lang='lat' dir='ltr'>regna</span> 
     </span>
     <span class='ocr_line' id='line_1_12' title="bbox 105 1124 801 1204; baseline 0.001 -21"><span class='ocrx_word' id='word_1_71' title='bbox 105 1126 266 1202; x_wconf 74' lang='lat' dir='ltr'>Pastorum,</span> <span class='ocrx_word' id='word_1_72' title='bbox 281 1136 311 1186; x_wconf 94' lang='lat' dir='ltr'>et</span> <span class='ocrx_word' id='word_1_73' title='bbox 324 1125 409 1204; x_wconf 71' lang='lat' dir='ltr'>longe</span> <span class='ocrx_word' id='word_1_74' title='bbox 424 1128 513 1186; x_wconf 89' lang='lat' dir='ltr'>saltus</span> <span class='ocrx_word' id='word_1_75' title='bbox 526 1124 643 1203; x_wconf 73' lang='lat' dir='ltr'>lateque</span> <span class='ocrx_word' id='word_1_76' title='bbox 657 1136 801 1185; x_wconf 87' lang='lat' dir='ltr'>vacantes.</span> 
     </span>
    </p>

    <p class='ocr_par' dir='ltr' id='par_1_9' title="bbox 104 1203 1097 3774">
     <span class='ocr_line' id='line_1_13' title="bbox 145 1203 901 1281; baseline 0.005 -19"><span class='ocrx_word' id='word_1_77' title='bbox 145 1203 204 1263; x_wconf 90' lang='lat' dir='ltr'>Hic</span> <span class='ocrx_word' id='word_1_78' title='bbox 215 1208 360 1281; x_wconf 89' lang='lat' dir='ltr'>quondam</span> <span class='ocrx_word' id='word_1_79' title='bbox 374 1206 474 1263; x_wconf 92' lang='lat' dir='ltr'>morbo</span> <span class='ocrx_word' id='word_1_80' title='bbox 488 1206 554 1264; x_wconf 88' lang='lat' dir='ltr'>coeli</span> <span class='ocrx_word' id='word_1_81' title='bbox 568 1206 731 1263; x_wconf 88' lang='lat' dir='ltr'>miseranda</span> <span class='ocrx_word' id='word_1_82' title='bbox 745 1214 844 1264; x_wconf 91' lang='lat' dir='ltr'>coorta</span> <span class='ocrx_word' id='word_1_83' title='bbox 857 1216 901 1266; x_wconf 86' lang='lat' dir='ltr'>est</span> 
     </span>
     <span class='ocr_line' id='line_1_14' title="bbox 105 1281 822 1361; baseline 0.006 -21"><span class='ocrx_word' id='word_1_84' title='bbox 105 1281 286 1361; x_wconf 87' lang='lat' dir='ltr'>Tempestas,</span> <span class='ocrx_word' id='word_1_85' title='bbox 302 1293 419 1361; x_wconf 90' lang='lat' dir='ltr'>totoque</span> <span class='ocrx_word' id='word_1_86' title='bbox 432 1285 564 1343; x_wconf 88' lang='lat' dir='ltr'>autumni</span> <span class='ocrx_word' id='word_1_87' title='bbox 577 1285 726 1342; x_wconf 80' lang='lat' dir='ltr'>incanduit</span> <span class='ocrx_word' id='word_1_88' title='bbox 740 1294 822 1361; x_wconf 79' lang='lat' dir='ltr'>estu,</span> 
     </span>
     <span class='ocr_line' id='line_1_15' title="bbox 104 1362 1097 1442; baseline 0.007 -23"><span class='ocrx_word' id='word_1_89' title='bbox 104 1362 146 1420; x_wconf 91' lang='lat' dir='ltr'>Et</span> <span class='ocrx_word' id='word_1_90' title='bbox 159 1381 251 1437; x_wconf 88' lang='lat' dir='ltr'>genus</span> <span class='ocrx_word' id='word_1_91' title='bbox 265 1381 350 1422; x_wconf 92' lang='lat' dir='ltr'>omne</span> <span class='ocrx_word' id='word_1_92' title='bbox 364 1363 431 1420; x_wconf 90' lang='lat' dir='ltr'>neci</span> <span class='ocrx_word' id='word_1_93' title='bbox 444 1365 592 1440; x_wconf 90' lang='lat' dir='ltr'>pecudum</span> <span class='ocrx_word' id='word_1_94' title='bbox 607 1363 695 1436; x_wconf 87' lang='lat' dir='ltr'>dedit,</span> <span class='ocrx_word' id='word_1_95' title='bbox 711 1382 798 1420; x_wconf 90' lang='lat' dir='ltr'>omne</span> <span class='ocrx_word' id='word_1_96' title='bbox 811 1364 945 1442; x_wconf 87' lang='lat' dir='ltr'>ferarum,</span> <span class='ocrx_word' id='word_1_97' title='bbox 1027 1370 1097 1426; x_wconf 78' lang='lat'>480</span> 
     </span>
     <span class='ocr_line' id='line_1_16' title="bbox 104 1440 725 1518; baseline -0.003 -19"><span class='ocrx_word' id='word_1_98' title='bbox 104 1440 300 1517; x_wconf 72' lang='lat' dir='ltr'>corrupitque</span> <span class='ocrx_word' id='word_1_99' title='bbox 314 1440 404 1515; x_wconf 88' lang='lat' dir='ltr'>lacus,</span> <span class='ocrx_word' id='word_1_100' title='bbox 418 1442 519 1501; x_wconf 89' lang='lat' dir='ltr'>infecit</span> <span class='ocrx_word' id='word_1_101' title='bbox 531 1441 636 1518; x_wconf 91' lang='lat' dir='ltr'>pabula</span> <span class='ocrx_word' id='word_1_102' title='bbox 649 1440 725 1498; x_wconf 90' lang='lat' dir='ltr'>tabo.</span> 
     </span>
     <span class='ocr_line' id='line_1_17' title="bbox 104 1518 907 1596; baseline 0.004 -19"><span class='ocrx_word' id='word_1_103' title='bbox 104 1518 136 1577; x_wconf 92' lang='lat' dir='ltr'>N</span> <span class='ocrx_word' id='word_1_104' title='bbox 137 1537 171 1576; x_wconf 90' lang='lat' dir='ltr'>ec</span> <span class='ocrx_word' id='word_1_105' title='bbox 185 1519 233 1576; x_wconf 88' lang='lat' dir='ltr'>via</span> <span class='ocrx_word' id='word_1_106' title='bbox 246 1521 345 1577; x_wconf 90' lang='lat' dir='ltr'>mortis</span> <span class='ocrx_word' id='word_1_107' title='bbox 359 1528 420 1576; x_wconf 90' lang='lat' dir='ltr'>erat</span> <span class='ocrx_word' id='word_1_108' title='bbox 432 1520 574 1596; x_wconf 84' lang='lat' dir='ltr'>simplex3</span> <span class='ocrx_word' id='word_1_109' title='bbox 596 1520 647 1576; x_wconf 90' lang='lat' dir='ltr'>sed</span> <span class='ocrx_word' id='word_1_110' title='bbox 660 1519 711 1575; x_wconf 93' lang='lat' dir='ltr'>ubi</span> <span class='ocrx_word' id='word_1_111' title='bbox 725 1519 811 1594; x_wconf 88' lang='lat' dir='ltr'>ignea</span> <span class='ocrx_word' id='word_1_112' title='bbox 824 1521 907 1581; x_wconf 82' lang='lat' dir='ltr'>venis</span> 
     </span>
     <span class='ocr_line' id='line_1_18' title="bbox 105 1595 807 1675; baseline 0.003 -21"><span class='ocrx_word' id='word_1_113' title='bbox 105 1595 250 1654; x_wconf 89' lang='lat' dir='ltr'>Omnibus</span> <span class='ocrx_word' id='word_1_114' title='bbox 264 1605 328 1654; x_wconf 85' lang='lat' dir='ltr'>acta</span> <span class='ocrx_word' id='word_1_115' title='bbox 340 1597 401 1655; x_wconf 90' lang='lat' dir='ltr'>sitis</span> <span class='ocrx_word' id='word_1_116' title='bbox 415 1597 535 1655; x_wconf 91' lang='lat' dir='ltr'>miseros</span> <span class='ocrx_word' id='word_1_117' title='bbox 549 1597 708 1655; x_wconf 78' lang='lat' dir='ltr'>adduxerat</span> <span class='ocrx_word' id='word_1_118' title='bbox 721 1607 807 1675; x_wconf 85' lang='lat' dir='ltr'>artus,</span> 
     </span>
     <span class='ocr_line' id='line_1_19' title="bbox 104 1669 984 1754; baseline 0.008 -23"><span class='ocrx_word' id='word_1_119' title='bbox 104 1673 219 1732; x_wconf 89' lang='lat' dir='ltr'>Rursus</span> <span class='ocrx_word' id='word_1_120' title='bbox 233 1675 398 1732; x_wconf 89' lang='lat' dir='ltr'>abundabat</span> <span class='ocrx_word' id='word_1_121' title='bbox 410 1674 517 1734; x_wconf 85' lang='lat' dir='ltr'>fluidus</span> <span class='ocrx_word' id='word_1_122' title='bbox 530 1676 633 1751; x_wconf 89' lang='lat' dir='ltr'>liquor,</span> <span class='ocrx_word' id='word_1_123' title='bbox 648 1670 847 1754; x_wconf 61' lang='lat' dir='ltr'>omniaque&#39;in</span> <span class='ocrx_word' id='word_1_124' title='bbox 862 1697 894 1737; x_wconf 86' lang='lat' dir='ltr'>se</span> <span class='ocrx_word' id='word_1_125' title='bbox 980 1669 984 1677; x_wconf 50' lang='lat'>¹</span> 
     </span>
     <span class='ocr_line' id='line_1_20' title="bbox 106 1751 762 1832; baseline 0.002 -21"><span class='ocrx_word' id='word_1_126' title='bbox 106 1752 182 1811; x_wconf 88' lang='lat' dir='ltr'>Ossa</span> <span class='ocrx_word' id='word_1_127' title='bbox 194 1753 357 1811; x_wconf 86' lang='lat' dir='ltr'>minutatim</span> <span class='ocrx_word' id='word_1_128' title='bbox 371 1755 471 1812; x_wconf 91' lang='lat' dir='ltr'>morbo</span> <span class='ocrx_word' id='word_1_129' title='bbox 485 1751 611 1832; x_wconf 88' lang='lat' dir='ltr'>collapsa</span> <span class='ocrx_word' id='word_1_130' title='bbox 623 1755 762 1814; x_wconf 85' lang='lat' dir='ltr'>trahebat.</span> 
     </span>
     <span class='ocr_line' id='line_1_21' title="bbox 106 1828 923 1911; baseline 0.005 -22"><span class='ocrx_word' id='word_1_131' title='bbox 106 1828 192 1909; x_wconf 75' lang='lat' dir='ltr'>Soepe</span> <span class='ocrx_word' id='word_1_132' title='bbox 207 1833 236 1888; x_wconf 91' lang='lat' dir='ltr'>in</span> <span class='ocrx_word' id='word_1_133' title='bbox 250 1832 359 1890; x_wconf 90' lang='lat' dir='ltr'>honore</span> <span class='ocrx_word' id='word_1_134' title='bbox 374 1833 461 1890; x_wconf 84' lang='lat' dir='ltr'>deirm</span> <span class='ocrx_word' id='word_1_135' title='bbox 474 1834 571 1890; x_wconf 90' lang='lat' dir='ltr'>medio</span> <span class='ocrx_word' id='word_1_136' title='bbox 586 1842 663 1892; x_wconf 84' lang='lat' dir='ltr'>stans</span> <span class='ocrx_word' id='word_1_137' title='bbox 677 1833 771 1891; x_wconf 88' lang='lat' dir='ltr'>hostia</span> <span class='ocrx_word' id='word_1_138' title='bbox 785 1835 821 1892; x_wconf 88' lang='lat' dir='ltr'>ad</span> <span class='ocrx_word' id='word_1_139' title='bbox 835 1853 923 1911; x_wconf 87' lang='lat' dir='ltr'>aram,</span> 
     </span>
     <span class='ocr_line' id='line_1_22' title="bbox 105 1909 793 1986; baseline 0.004 -20"><span class='ocrx_word' id='word_1_140' title='bbox 105 1909 205 1967; x_wconf 88' lang='lat' dir='ltr'>Lanea</span> <span class='ocrx_word' id='word_1_141' title='bbox 219 1911 288 1966; x_wconf 91' lang='lat' dir='ltr'>dum</span> <span class='ocrx_word' id='word_1_142' title='bbox 303 1911 388 1968; x_wconf 79' lang='lat' dir='ltr'>nivei</span> <span class='ocrx_word' id='word_1_143' title='bbox 402 1911 596 1969; x_wconf 87' lang='lat' dir='ltr'>circumdatur</span> <span class='ocrx_word' id='word_1_144' title='bbox 608 1911 700 1969; x_wconf 92' lang='lat' dir='ltr'>infula</span> <span class='ocrx_word' id='word_1_145' title='bbox 712 1912 793 1986; x_wconf 73' lang='lat' dir='ltr'>vitta,</span> 
     </span>
     <span class='ocr_line' id='line_1_23' title="bbox 106 1987 837 2049; baseline 0.003 -5"><span class='ocrx_word' id='word_1_146' title='bbox 106 1987 185 2046; x_wconf 86' lang='lat' dir='ltr'>luter</span> <span class='ocrx_word' id='word_1_147' title='bbox 198 1996 366 2047; x_wconf 89' lang='lat' dir='ltr'>cunctantes</span> <span class='ocrx_word' id='word_1_148' title='bbox 380 1989 485 2046; x_wconf 92' lang='lat' dir='ltr'>cecidit</span> <span class='ocrx_word' id='word_1_149' title='bbox 498 1989 670 2046; x_wconf 89' lang='lat' dir='ltr'>moribunda</span> <span class='ocrx_word' id='word_1_150' title='bbox 683 1990 837 2049; x_wconf 87' lang='lat' dir='ltr'>ministros.</span> 
     </span>
     <span class='ocr_line' id='line_1_24' title="bbox 104 2064 813 2142; baseline 0.001 -19"><span class='ocrx_word' id='word_1_151' title='bbox 104 2067 166 2124; x_wconf 83' lang='lat' dir='ltr'>Aut</span> <span class='ocrx_word' id='word_1_152' title='bbox 179 2067 203 2124; x_wconf 90' lang='lat' dir='ltr'>si</span> <span class='ocrx_word' id='word_1_153' title='bbox 217 2086 303 2142; x_wconf 90' lang='lat' dir='ltr'>quam</span> <span class='ocrx_word' id='word_1_154' title='bbox 316 2068 389 2126; x_wconf 89' lang='lat' dir='ltr'>ferro</span> <span class='ocrx_word' id='word_1_155' title='bbox 404 2075 577 2126; x_wconf 75' lang='lat' dir='ltr'>mactaverat</span> <span class='ocrx_word' id='word_1_156' title='bbox 590 2064 656 2123; x_wconf 74' lang='lat' dir='ltr'>ame</span> <span class='ocrx_word' id='word_1_157' title='bbox 671 2068 813 2141; x_wconf 87' lang='lat' dir='ltr'>sacerdos,</span> 
     </span>
     <span class='ocr_line' id='line_1_25' title="bbox 106 2142 772 2220; baseline -0.003 -19"><span class='ocrx_word' id='word_1_158' title='bbox 106 2142 178 2202; x_wconf 72' lang='lat' dir='ltr'>Inde</span> <span class='ocrx_word' id='word_1_159' title='bbox 192 2163 289 2220; x_wconf 89' lang='lat' dir='ltr'>neque</span> <span class='ocrx_word' id='word_1_160' title='bbox 302 2145 445 2220; x_wconf 86' lang='lat' dir='ltr'>impositis</span> <span class='ocrx_word' id='word_1_161' title='bbox 459 2146 559 2203; x_wconf 80' lang='lat' dir='ltr'>ardent</span> <span class='ocrx_word' id='word_1_162' title='bbox 573 2144 671 2201; x_wconf 89' lang='lat' dir='ltr'>altsria</span> <span class='ocrx_word' id='word_1_163' title='bbox 684 2143 772 2219; x_wconf 88' lang='lat' dir='ltr'>fibris,</span> 
     </span>
     <span class='ocr_line' id='line_1_26' title="bbox 104 2221 839 2299; baseline 0 -18"><span class='ocrx_word' id='word_1_164' title='bbox 104 2222 136 2282; x_wconf 89' lang='lat' dir='ltr'>N</span> <span class='ocrx_word' id='word_1_165' title='bbox 137 2241 171 2280; x_wconf 91' lang='lat' dir='ltr'>ec</span> <span class='ocrx_word' id='word_1_166' title='bbox 186 2241 324 2299; x_wconf 90' lang='lat' dir='ltr'>responsa</span> <span class='ocrx_word' id='word_1_167' title='bbox 336 2230 431 2299; x_wconf 90' lang='lat' dir='ltr'>potest</span> <span class='ocrx_word' id='word_1_168' title='bbox 444 2222 593 2280; x_wconf 87' lang='lat' dir='ltr'>consultus</span> <span class='ocrx_word' id='word_1_169' title='bbox 607 2221 727 2279; x_wconf 86' lang='lat' dir='ltr'>reddere</span> <span class='ocrx_word' id='word_1_170' title='bbox 739 2231 839 2295; x_wconf 82' lang='lat' dir='ltr'>vates3</span> 
     </span>
     <span class='ocr_line' id='line_1_27' title="bbox 104 2300 789 2378; baseline 0 -20"><span class='ocrx_word' id='word_1_171' title='bbox 104 2302 150 2358; x_wconf 84' lang='lat' dir='ltr'>Ae</span> <span class='ocrx_word' id='word_1_172' title='bbox 164 2300 214 2358; x_wconf 86' lang='lat' dir='ltr'>vix</span> <span class='ocrx_word' id='word_1_173' title='bbox 225 2301 366 2378; x_wconf 90' lang='lat' dir='ltr'>suppositi</span> <span class='ocrx_word' id='word_1_174' title='bbox 379 2301 529 2376; x_wconf 86' lang='lat' dir='ltr'>tinguntur</span> <span class='ocrx_word' id='word_1_175' title='bbox 542 2300 682 2375; x_wconf 88' lang='lat' dir='ltr'>sanguine</span> <span class='ocrx_word' id='word_1_176' title='bbox 695 2300 789 2375; x_wconf 86' lang='lat' dir='ltr'>cultri,</span> 
     </span>
     <span class='ocr_line' id='line_1_28' title="bbox 106 2377 833 2457; baseline 0 -21"><span class='ocrx_word' id='word_1_177' title='bbox 106 2377 282 2454; x_wconf 86' lang='lat' dir='ltr'>Summaque</span> <span class='ocrx_word' id='word_1_178' title='bbox 292 2379 394 2457; x_wconf 75' lang='lat' dir='ltr'>jejuni</span> <span class='ocrx_word' id='word_1_179' title='bbox 409 2379 488 2437; x_wconf 89' lang='lat' dir='ltr'>sanie</span> <span class='ocrx_word' id='word_1_180' title='bbox 502 2379 661 2437; x_wconf 87' lang='lat' dir='ltr'>infuscatur</span> <span class='ocrx_word' id='word_1_181' title='bbox 674 2396 769 2436; x_wconf 87' lang='lat' dir='ltr'>arena.</span> <span class='ocrx_word' id='word_1_182' title='bbox 831 2397 833 2402; x_wconf 91' lang='lat'>·</span> 
     </span>
     <span class='ocr_line' id='line_1_29' title="bbox 104 2454 805 2534; baseline -0.001 -19"><span class='ocrx_word' id='word_1_183' title='bbox 104 2456 185 2515; x_wconf 89' lang='lat' dir='ltr'>Hinc</span> <span class='ocrx_word' id='word_1_184' title='bbox 198 2458 272 2516; x_wconf 74' lang='lat' dir='ltr'>letis</span> <span class='ocrx_word' id='word_1_185' title='bbox 285 2458 368 2516; x_wconf 85' lang='lat' dir='ltr'>vituli</span> <span class='ocrx_word' id='word_1_186' title='bbox 381 2454 468 2534; x_wconf 76' lang='lat' dir='ltr'>vulgo</span> <span class='ocrx_word' id='word_1_187' title='bbox 482 2459 641 2515; x_wconf 91' lang='lat' dir='ltr'>moriuntur</span> <span class='ocrx_word' id='word_1_188' title='bbox 654 2458 684 2515; x_wconf 89' lang='lat' dir='ltr'>iu</span> <span class='ocrx_word' id='word_1_189' title='bbox 698 2456 805 2533; x_wconf 85' lang='lat' dir='ltr'>herbis,</span> 
     </span>
     <span class='ocr_line' id='line_1_30' title="bbox 104 2535 829 2613; baseline 0.001 -20"><span class='ocrx_word' id='word_1_190' title='bbox 104 2535 146 2593; x_wconf 88' lang='lat' dir='ltr'>Et</span> <span class='ocrx_word' id='word_1_191' title='bbox 159 2536 257 2594; x_wconf 87' lang='lat' dir='ltr'>dulces</span> <span class='ocrx_word' id='word_1_192' title='bbox 272 2538 381 2594; x_wconf 91' lang='lat' dir='ltr'>animas</span> <span class='ocrx_word' id='word_1_193' title='bbox 394 2537 481 2613; x_wconf 88' lang='lat' dir='ltr'>plena</span> <span class='ocrx_word' id='word_1_194' title='bbox 495 2538 530 2595; x_wconf 90' lang='lat' dir='ltr'>ad</span> <span class='ocrx_word' id='word_1_195' title='bbox 543 2536 685 2613; x_wconf 75' lang='lat' dir='ltr'>praesepia</span> <span class='ocrx_word' id='word_1_196' title='bbox 697 2537 829 2594; x_wconf 87' lang='lat' dir='ltr'>reddunt</span> 
     </span>
     <span class='ocr_line' id='line_1_31' title="bbox 104 2613 923 2691; baseline -0.001 -18"><span class='ocrx_word' id='word_1_197' title='bbox 104 2613 184 2673; x_wconf 87' lang='lat' dir='ltr'>Hinc</span> <span class='ocrx_word' id='word_1_198' title='bbox 199 2616 318 2674; x_wconf 91' lang='lat' dir='ltr'>canibus</span> <span class='ocrx_word' id='word_1_199' title='bbox 331 2616 444 2674; x_wconf 87' lang='lat' dir='ltr'>blandis</span> <span class='ocrx_word' id='word_1_200' title='bbox 457 2615 551 2673; x_wconf 90' lang='lat' dir='ltr'>rabies</span> <span class='ocrx_word' id='word_1_201' title='bbox 563 2616 663 2688; x_wconf 89' lang='lat' dir='ltr'>veuit;</span> <span class='ocrx_word' id='word_1_202' title='bbox 686 2624 715 2673; x_wconf 92' lang='lat' dir='ltr'>et</span> <span class='ocrx_word' id='word_1_203' title='bbox 728 2616 819 2691; x_wconf 89' lang='lat' dir='ltr'>quatit</span> <span class='ocrx_word' id='word_1_204' title='bbox 832 2633 923 2691; x_wconf 79' lang='lat' dir='ltr'>aegros</span> 
     </span>
     <span class='ocr_line' id='line_1_32' title="bbox 104 2690 815 2771; baseline -0.001 -19"><span class='ocrx_word' id='word_1_205' title='bbox 104 2690 207 2752; x_wconf 68' lang='lat' dir='ltr'>&#39;iussis</span> <span class='ocrx_word' id='word_1_206' title='bbox 221 2695 326 2753; x_wconf 88' lang='lat' dir='ltr'>anhela</span> <span class='ocrx_word' id='word_1_207' title='bbox 338 2713 414 2771; x_wconf 89' lang='lat' dir='ltr'>sues,</span> <span class='ocrx_word' id='word_1_208' title='bbox 429 2714 462 2753; x_wconf 90' lang='lat' dir='ltr'>ac</span> <span class='ocrx_word' id='word_1_209' title='bbox 476 2694 605 2754; x_wconf 87' lang='lat' dir='ltr'>faucibus</span> <span class='ocrx_word' id='word_1_210' title='bbox 620 2695 698 2771; x_wconf 87' lang='lat' dir='ltr'>angit</span> <span class='ocrx_word' id='word_1_211' title='bbox 711 2694 815 2752; x_wconf 89' lang='lat' dir='ltr'>obesis.</span> 
     </span>
     <span class='ocr_line' id='line_1_33' title="bbox 105 2771 914 2850; baseline 0.001 -21"><span class='ocrx_word' id='word_1_212' title='bbox 105 2771 224 2831; x_wconf 79' lang='lat' dir='ltr'>Labitur</span> <span class='ocrx_word' id='word_1_213' title='bbox 244 2774 355 2849; x_wconf 87' lang='lat' dir='ltr'>infelix,</span> <span class='ocrx_word' id='word_1_214' title='bbox 370 2775 529 2833; x_wconf 90' lang='lat' dir='ltr'>studiorum</span> <span class='ocrx_word' id='word_1_215' title='bbox 543 2782 628 2850; x_wconf 91' lang='lat' dir='ltr'>atque</span> <span class='ocrx_word' id='word_1_216' title='bbox 641 2775 793 2831; x_wconf 89' lang='lat' dir='ltr'>immemor</span> <span class='ocrx_word' id='word_1_217' title='bbox 806 2771 914 2848; x_wconf 75' lang='lat' dir='ltr'>herbae,</span> 
     </span>
     <span class='ocr_line' id='line_1_34' title="bbox 105 2849 963 2930; baseline 0.003 -24"><span class='ocrx_word' id='word_1_218' title='bbox 105 2849 207 2910; x_wconf 73' lang='lat' dir='ltr'>Victor</span> <span class='ocrx_word' id='word_1_219' title='bbox 220 2872 321 2930; x_wconf 87' lang='lat' dir='ltr'>equus,</span> <span class='ocrx_word' id='word_1_220' title='bbox 335 2853 485 2928; x_wconf 89' lang='lat' dir='ltr'>fontesque</span> <span class='ocrx_word' id='word_1_221' title='bbox 499 2853 643 2926; x_wconf 81' lang='lat' dir='ltr'>avertitur,</span> <span class='ocrx_word' id='word_1_222' title='bbox 658 2860 689 2909; x_wconf 93' lang='lat' dir='ltr'>et</span> <span class='ocrx_word' id='word_1_223' title='bbox 700 2851 776 2926; x_wconf 89' lang='lat' dir='ltr'>pede</span> <span class='ocrx_word' id='word_1_224' title='bbox 790 2861 894 2909; x_wconf 92' lang='lat' dir='ltr'>terram</span> <span class='ocrx_word' id='word_1_225' title='bbox 958 2922 963 2927; x_wconf 17' lang='grc' dir='ltr'><strong><em>ι</em></strong></span> 
     </span>
     <span class='ocr_line' id='line_1_35' title="bbox 105 2927 846 3000; baseline 0 -15"><span class='ocrx_word' id='word_1_226' title='bbox 105 2929 215 2987; x_wconf 87' lang='lat' dir='ltr'>Crebra</span> <span class='ocrx_word' id='word_1_227' title='bbox 227 2930 308 2989; x_wconf 89' lang='lat' dir='ltr'>ferit:</span> <span class='ocrx_word' id='word_1_228' title='bbox 331 2931 462 2987; x_wconf 88' lang='lat' dir='ltr'>demissae</span> <span class='ocrx_word' id='word_1_229' title='bbox 477 2949 576 3000; x_wconf 91' lang='lat' dir='ltr'>aures;</span> <span class='ocrx_word' id='word_1_230' title='bbox 599 2930 724 2986; x_wconf 86' lang='lat' dir='ltr'>incertus</span> <span class='ocrx_word' id='word_1_231' title='bbox 737 2927 846 2985; x_wconf 87' lang='lat' dir='ltr'>ibidem</span> 
     </span>
     <span class='ocr_line' id='line_1_36' title="bbox 106 3006 837 3082; baseline 0 -18"><span class='ocrx_word' id='word_1_232' title='bbox 106 3006 209 3081; x_wconf 86' lang='lat' dir='ltr'>Sudor,</span> <span class='ocrx_word' id='word_1_233' title='bbox 225 3018 254 3066; x_wconf 93' lang='lat' dir='ltr'>et</span> <span class='ocrx_word' id='word_1_234' title='bbox 266 3008 315 3065; x_wconf 90' lang='lat' dir='ltr'>ille</span> <span class='ocrx_word' id='word_1_235' title='bbox 330 3009 446 3082; x_wconf 87' lang='lat' dir='ltr'>quidem</span> <span class='ocrx_word' id='word_1_236' title='bbox 460 3008 603 3065; x_wconf 90' lang='lat' dir='ltr'>morituris</span> <span class='ocrx_word' id='word_1_237' title='bbox 617 3006 754 3080; x_wconf 89' lang='lat' dir='ltr'>frigidus:</span> <span class='ocrx_word' id='word_1_238' title='bbox 777 3015 837 3064; x_wconf 89' lang='lat' dir='ltr'>aret</span> 
     </span>
     <span class='ocr_line' id='line_1_37' title="bbox 105 3084 775 3159; baseline 0.001 -19"><span class='ocrx_word' id='word_1_239' title='bbox 105 3084 204 3159; x_wconf 80' lang='lat' dir='ltr'>Pellio,</span> <span class='ocrx_word' id='word_1_240' title='bbox 220 3087 297 3143; x_wconf 91' lang='lat' dir='ltr'>etad</span> <span class='ocrx_word' id='word_1_241' title='bbox 312 3091 418 3142; x_wconf 85' lang='lat' dir='ltr'>tactum</span> <span class='ocrx_word' id='word_1_242' title='bbox 432 3085 564 3142; x_wconf 87' lang='lat' dir='ltr'>tractanti</span> <span class='ocrx_word' id='word_1_243' title='bbox 578 3085 649 3140; x_wconf 90' lang='lat' dir='ltr'>dura</span> <span class='ocrx_word' id='word_1_244' title='bbox 661 3084 775 3141; x_wconf 90' lang='lat' dir='ltr'>resistit.</span> 
     </span>
     <span class='ocr_line' id='line_1_38' title="bbox 105 3160 815 3238; baseline 0 -20"><span class='ocrx_word' id='word_1_245' title='bbox 105 3160 181 3220; x_wconf 82' lang='lat' dir='ltr'>Haec</span> <span class='ocrx_word' id='word_1_246' title='bbox 195 3172 260 3221; x_wconf 90' lang='lat' dir='ltr'>ante</span> <span class='ocrx_word' id='word_1_247' title='bbox 275 3162 395 3221; x_wconf 87' lang='lat' dir='ltr'>exitium</span> <span class='ocrx_word' id='word_1_248' title='bbox 408 3163 507 3238; x_wconf 91' lang='lat' dir='ltr'>primis</span> <span class='ocrx_word' id='word_1_249' title='bbox 522 3164 590 3219; x_wconf 91' lang='lat' dir='ltr'>dant</span> <span class='ocrx_word' id='word_1_250' title='bbox 603 3162 684 3237; x_wconf 89' lang='lat' dir='ltr'>signa</span> <span class='ocrx_word' id='word_1_251' title='bbox 697 3161 815 3219; x_wconf 89' lang='lat' dir='ltr'>diebus:</span> 
     </span>
     <span class='ocr_line' id='line_1_39' title="bbox 106 3238 856 3318; baseline -0.001 -20"><span class='ocrx_word' id='word_1_252' title='bbox 106 3241 159 3298; x_wconf 89' lang='lat' dir='ltr'>Sin</span> <span class='ocrx_word' id='word_1_253' title='bbox 174 3241 203 3298; x_wconf 91' lang='lat' dir='ltr'>in</span> <span class='ocrx_word' id='word_1_254' title='bbox 216 3259 352 3318; x_wconf 88' lang='lat' dir='ltr'>processu</span> <span class='ocrx_word' id='word_1_255' title='bbox 367 3240 454 3316; x_wconf 89' lang='lat' dir='ltr'>coepit</span> <span class='ocrx_word' id='word_1_256' title='bbox 467 3242 638 3298; x_wconf 88' lang='lat' dir='ltr'>crudescere</span> <span class='ocrx_word' id='word_1_257' title='bbox 651 3238 776 3315; x_wconf 86' lang='lat' dir='ltr'>morbus,</span> <span class='ocrx_word' id='word_1_258' title='bbox 849 3257 856 3269; x_wconf 94' lang='lat'><strong>·</strong></span> 
     </span>
     <span class='ocr_line' id='line_1_40' title="bbox 105 3317 882 3395; baseline 0.001 -19"><span class='ocrx_word' id='word_1_259' title='bbox 105 3319 183 3377; x_wconf 87' lang='lat' dir='ltr'>Tum</span> <span class='ocrx_word' id='word_1_260' title='bbox 197 3317 265 3378; x_wconf 80' lang='lat' dir='ltr'>verb</span> <span class='ocrx_word' id='word_1_261' title='bbox 281 3319 413 3376; x_wconf 90' lang='lat' dir='ltr'>ardentes</span> <span class='ocrx_word' id='word_1_262' title='bbox 426 3319 513 3394; x_wconf 86' lang='lat' dir='ltr'>oculi,</span> <span class='ocrx_word' id='word_1_263' title='bbox 528 3327 613 3395; x_wconf 90' lang='lat' dir='ltr'>atque</span> <span class='ocrx_word' id='word_1_264' title='bbox 627 3326 761 3376; x_wconf 89' lang='lat' dir='ltr'>attractus</span> <span class='ocrx_word' id='word_1_265' title='bbox 775 3319 810 3376; x_wconf 92' lang='lat' dir='ltr'>ab</span> <span class='ocrx_word' id='word_1_266' title='bbox 825 3318 882 3377; x_wconf 89' lang='lat' dir='ltr'>alto</span> 
     </span>
     <span class='ocr_line' id='line_1_41' title="bbox 107 3396 858 3474; baseline -0.001 -18"><span class='ocrx_word' id='word_1_267' title='bbox 107 3397 228 3474; x_wconf 89' lang='lat' dir='ltr'>Spiritus</span> <span class='ocrx_word' id='word_1_268' title='bbox 242 3397 506 3473; x_wconf 70' lang='lat' dir='ltr'>interdumgemitu</span> <span class='ocrx_word' id='word_1_269' title='bbox 520 3397 623 3473; x_wconf 89' lang='lat' dir='ltr'>gravis,</span> <span class='ocrx_word' id='word_1_270' title='bbox 637 3397 752 3472; x_wconf 89' lang='lat' dir='ltr'>imaque</span> <span class='ocrx_word' id='word_1_271' title='bbox 765 3396 858 3474; x_wconf 85' lang='lat' dir='ltr'>longo</span> 
     </span>
     <span class='ocr_line' id='line_1_42' title="bbox 107 3475 771 3553; baseline 0 -21"><span class='ocrx_word' id='word_1_272' title='bbox 107 3475 162 3533; x_wconf 89' lang='lat' dir='ltr'>Ilia</span> <span class='ocrx_word' id='word_1_273' title='bbox 175 3477 300 3552; x_wconf 85' lang='lat' dir='ltr'>singultu</span> <span class='ocrx_word' id='word_1_274' title='bbox 315 3475 453 3548; x_wconf 83' lang='lat' dir='ltr'>tenduut3</span> <span class='ocrx_word' id='word_1_275' title='bbox 474 3475 497 3534; x_wconf 90' lang='lat' dir='ltr'>it</span> <span class='ocrx_word' id='word_1_276' title='bbox 510 3475 625 3533; x_wconf 88' lang='lat' dir='ltr'>naribus</span> <span class='ocrx_word' id='word_1_277' title='bbox 640 3484 700 3533; x_wconf 89' lang='lat' dir='ltr'>ater</span> <span class='ocrx_word' id='word_1_278' title='bbox 768 3549 771 3553; x_wconf 10' lang='grc' dir='ltr'><strong><em>ἦ</em></strong></span> 
     </span>
     <span class='ocr_line' id='line_1_43' title="bbox 107 3551 888 3632; baseline 0.005 -21"><span class='ocrx_word' id='word_1_279' title='bbox 107 3554 240 3628; x_wconf 81' lang='lat' dir='ltr'>Sanguis,</span> <span class='ocrx_word' id='word_1_280' title='bbox 256 3563 284 3613; x_wconf 91' lang='lat' dir='ltr'>et</span> <span class='ocrx_word' id='word_1_281' title='bbox 297 3554 428 3612; x_wconf 89' lang='lat' dir='ltr'>obsessas</span> <span class='ocrx_word' id='word_1_282' title='bbox 442 3551 539 3612; x_wconf 85' lang='lat' dir='ltr'>fauces</span> <span class='ocrx_word' id='word_1_283' title='bbox 552 3555 657 3630; x_wconf 88' lang='lat' dir='ltr'>premit</span> <span class='ocrx_word' id='word_1_284' title='bbox 670 3574 770 3631; x_wconf 89' lang='lat' dir='ltr'>aspera</span> <span class='ocrx_word' id='word_1_285' title='bbox 782 3556 888 3632; x_wconf 86' lang='lat' dir='ltr'>lingua.</span> 
     </span>
     <span class='ocr_line' id='line_1_44' title="bbox 106 3632 784 3717; baseline 0.001 -27"><span class='ocrx_word' id='word_1_286' title='bbox 106 3632 217 3690; x_wconf 90' lang='lat' dir='ltr'>Profuit</span> <span class='ocrx_word' id='word_1_287' title='bbox 230 3634 336 3690; x_wconf 90' lang='lat' dir='ltr'>inserto</span> <span class='ocrx_word' id='word_1_288' title='bbox 350 3634 450 3691; x_wconf 89' lang='lat' dir='ltr'>latices</span> <span class='ocrx_word' id='word_1_289' title='bbox 462 3632 613 3690; x_wconf 88' lang='lat' dir='ltr'>infundere</span> <span class='ocrx_word' id='word_1_290' title='bbox 627 3651 716 3691; x_wconf 87' lang='lat' dir='ltr'>cornu</span> <span class='ocrx_word' id='word_1_291' title='bbox 776 3704 784 3717; x_wconf 47' lang='lat'><strong>·</strong></span> 
     </span>
     <span class='ocr_line' id='line_1_45' title="bbox 107 3711 751 3774; baseline -0.008 -1"><span class='ocrx_word' id='word_1_292' title='bbox 107 3711 247 3773; x_wconf 77' lang='lat' dir='ltr'>Lenaeos:</span> <span class='ocrx_word' id='word_1_293' title='bbox 269 3731 305 3774; x_wconf 92' lang='lat' dir='ltr'>ea</span> <span class='ocrx_word' id='word_1_294' title='bbox 316 3712 379 3771; x_wconf 88' lang='lat' dir='ltr'>visa</span> <span class='ocrx_word' id='word_1_295' title='bbox 392 3711 472 3771; x_wconf 82' lang='lat' dir='ltr'>salus</span> <span class='ocrx_word' id='word_1_296' title='bbox 482 3711 669 3773; x_wconf 89' lang='lat' dir='ltr'>morientibus</span> <span class='ocrx_word' id='word_1_297' title='bbox 682 3733 751 3771; x_wconf 87' lang='lat' dir='ltr'>una.</span> 
     </span>
    </p>
   </div>
   <div class='ocr_carea' id='block_1_4' title="bbox 0 0 1205 4178">
    <p class='ocr_par' dir='ltr' id='par_1_10' title="bbox 0 0 1205 4178">
     <span class='ocr_line' id='line_1_46' title="bbox 0 0 1205 4178; baseline 0 0"><span class='ocrx_word' id='word_1_298' title='bbox 0 0 1205 4178; x_wconf 95' lang='lat' dir='ltr'> </span> 
     </span>
    </p>
   </div>
  </div>
 </body>
</html>
