2400 4178
111 198 165 255 rao
516 150 699 251 alumnos

110 348 219 405 Annua
231 354 299 405 rota
311 353 409 405 tamen
423 344 625 421 solemnesque
638 344 738 402 ordine
751 363 872 424 pompas

111 425 306 501 Exsequerer,
321 432 516 499 strueremque
530 424 589 481 suis
604 422 702 480 altaria
715 424 807 481 donis.

110 503 200 562 Nunc
214 503 289 561 ultro
302 503 337 560 ad
351 503 463 560 cineres
476 503 568 580 ipsius
581 511 611 559 et
624 521 689 559 ossa
701 504 839 578 parentis,
899 516 902 521 ’
1057 511 1102 566 66

111 581 200 640 Haud
214 582 349 658 equidem
363 582 426 638 sine
440 592 548 655 mente,
563 600 636 656 reor,
651 581 714 638 sine
728 581 848 641 numine
861 581 972 660 uvam,

110 660 269 736 Adsumus,
284 667 314 718 et
326 668 424 736 portus
438 660 525 718 delati
538 661 677 717 intramus
691 660 809 717 amicos.

111 738 191 814 Ergo
206 740 290 814 agite,
305 747 335 796 et
348 738 447 796 laetum
461 739 558 796 cuncti
572 738 752 795 celebremus
765 737 924 799 bonorem:

111 816 269 875 Possumus
283 825 394 892 ventos,
409 827 495 893 atque
508 817 573 874 baec
587 835 634 873 me
648 835 728 874 sacra
741 819 894 893 quotannis

111 894 193 955 Urbe
206 897 276 953 velit
288 896 383 972 positia
397 897 511 973 templis
525 895 581 953 sibi
593 896 667 953 serre
682 896 792 954 dicatis.
1001 910 1005 915 '
1057 903 1100 956 60

112 973 189 1031 Bina
201 974 290 1032 boum
305 975 387 1032 vobis
401 975 490 1053 Troji
504 983 655 1050 generatus
669 976 792 1033 Acestes

113 1052 172 1110 Dat
186 1072 305 1111 numero
319 1055 414 1130 capita
426 1055 456 1111 in
470 1073 577 1111 naves:
599 1053 735 1110 adhibete
750 1054 874 1112 Penates

112 1131 154 1190 Et
166 1133 272 1208 patrios
286 1133 388 1209 epulis,
404 1141 434 1189 et
447 1135 520 1208 quos
534 1132 603 1189 colit
616 1131 725 1207 hospes
736 1134 868 1191 Acestes.

113 1209 268 1286 Praeterea,
283 1212 307 1268 si
321 1230 398 1268 nona
410 1212 488 1268 diem
503 1210 669 1268 mortalibus
683 1210 791 1268 almum

114 1291 226 1347 Aurora
240 1289 383 1364 extulerit,
398 1290 541 1367 radiisque
556 1290 691 1347 retexerit
704 1289 815 1364 orbem,

114 1367 212 1425 Prima
225 1369 290 1426 citoe
305 1368 427 1426 Teucris
440 1388 546 1446 ponam
561 1368 717 1426 certamina
730 1368 848 1425 classis:

115 1445 232 1523 Quique
246 1449 354 1524 pedum
368 1467 453 1505 cursu
467 1448 553 1520 valet,
568 1456 597 1504 et
610 1446 661 1520 qui
674 1445 782 1502 viribus
796 1446 900 1521 audax,

114 1524 175 1581 Aut
185 1525 282 1602 jaculo
296 1527 404 1582 incedit
418 1524 520 1581 melior
533 1523 704 1598 levibusque
718 1524 839 1600 sagittis,

115 1601 175 1659 Seu
190 1603 278 1659 crudo
293 1604 356 1660 fidit
369 1622 494 1678 pugnam
508 1602 687 1660 committere
700 1611 811 1675 caestu3

116 1681 222 1739 Cuncti
237 1682 339 1756 adsint,
354 1682 521 1757 meritaeque
536 1687 708 1756 exspectent
720 1682 839 1758 praemia
852 1681 966 1760 palme.
1061 1684 1105 1740 ’10

117 1759 175 1818 Ore
189 1760 282 1817 favete
296 1779 406 1836 omnes,
422 1770 451 1819 et
464 1768 594 1837 tempora
607 1760 715 1835 cingite
728 1761 823 1819 ramis

157 1839 204 1896 Sic
219 1838 302 1915 satus,
317 1840 394 1897 velat
407 1841 536 1898 materni
549 1848 680 1915 tempora
693 1848 784 1916 myrto
795 1858 803 1912 3

117 1917 183 1976 Hoc
199 1918 344 1995 Helymus
356 1920 434 1995 lacit,
448 1920 506 1977 boc
521 1920 576 1976 aevi
591 1927 718 1977 maturus
731 1920 864 1993 Acestes,

117 1996 183 2055 Hoc
197 2015 270 2072 puer
283 1998 445 2071 Ascanius;
467 1998 596 2074 sequitur
609 2016 682 2073 quos
696 2005 802 2055 cratera
814 1997 916 2074 pubes.

117 2074 171 2132 llle
186 2094 202 2131 e
217 2076 339 2132 concilio
353 2076 451 2133 multis
465 2095 531 2133 cum
545 2074 673 2132 millibus
687 2075 746 2131 ibat
938 2119 945 2137 ,.
1063 2076 1106 2133 7⁵

116 2154 164 2210 Ad
178 2154 328 2228 tumulum,
344 2155 449 2227 magni
462 2153 574 2209 medius
588 2153 745 2210 comitante
760 2154 884 2210 catervis.

116 2229 177 2288 Hic
192 2232 250 2288 duo
264 2228 316 2288 rite
332 2249 410 2288 mero
424 2229 517 2288 libans
531 2230 678 2288 carchesia
691 2231 810 2288 Baccbo

117 2308 226 2366 Fundit
239 2309 329 2383 humi,
345 2310 403 2367 duo
417 2309 490 2367 lacte
504 2328 591 2384 novo,
606 2310 663 2367 duo
678 2310 819 2385 sanguine
833 2328 936 2383 sacro;

117 2387 339 2463 Purpureosque
349 2388 422 2465 jacit
434 2388 528 2464 flores,
544 2408 577 2446 ac
592 2388 659 2447 talia
672 2388 764 2446 fatur:
1175 2454 1179 2466 Ι

119 2465 214 2539 Salve,
230 2474 327 2524 sancte
340 2486 453 2543 parens,
467 2467 590 2526 iterum:
614 2468 732 2542 salvete,
747 2467 856 2543 recepti
1063 2469 1107 2526 80

117 2544 322 2622 Nequidquam
337 2546 458 2622 cineres,
474 2547 636 2623 animaeque
650 2546 819 2623 umbraeque
832 2553 969 2623 patesnrc.

117 2623 186 2681 Non
202 2625 282 2682 licuit
296 2625 369 2683 fines
384 2625 481 2700 Italos,
495 2626 649 2703 fataliaque
664 2645 741 2701 arva,

118 2703 184 2761 Nec
198 2711 294 2761 tecum
308 2705 481 2780 Ausonium,
496 2706 670 2783 quicumque
685 2714 737 2781 est,
752 2721 881 2780 quaerere
895 2698 1027 2779 Tybrim.

118 2782 241 2841 Dixerat
254 2784 329 2858 haec,
345 2784 436 2860 adytis
451 2805 540 2860 quum
553 2784 680 2842 lubricus
695 2783 796 2858 anguis
810 2782 845 2839 ab
859 2781 926 2839 imis
1173 2852 1176 2857 Ι

120 2860 239 2938 Septem
252 2863 354 2938 ingens
368 2882 462 2938 gyros,
477 2871 597 2938 septena
610 2862 766 2934 volumina,
782 2861 878 2936 traxit,
1064 2863 1109 2918 85

118 2939 280 3014 Amplexus
294 2938 407 3015 placide
422 2941 575 3015 tumulum,
590 2939 745 3016 lapsusque
759 2956 812 3013 per
826 2958 910 3012 aras;

120 3017 260 3074 Caeruleae
275 3017 322 3073 cui
336 3026 415 3091 terga
427 3025 514 3089 notae,
529 3017 694 3075 maculosus
708 3024 737 3073 et
751 3034 818 3072 auro

121 3094 277 3169 Squamam
292 3094 465 3152 incendebat
478 3094 588 3170 fulgor3
611 3115 664 3153 ceu
679 3093 806 3152 nubibus
821 3113 904 3153 arcus

119 3172 205 3231 Mille
214 3173 286 3250 jacit
298 3173 393 3230 varios
407 3174 528 3231 adverso
542 3173 602 3231 sole
616 3174 735 3231 colores.

121 3250 277 3328 Obstupuit
290 3251 354 3309 visu
367 3249 487 3308 AEneas.
531 3251 594 3327 Ille,
610 3253 724 3327 agmine
737 3250 824 3324 longo

121 3330 253 3388 Tandem
267 3331 342 3389 inter
355 3337 469 3406 pateras
481 3338 511 3388 et
523 3330 600 3389 levia
612 3330 717 3408 pocula
730 3348 860 3407 serpens,

121 3409 293 3485 Libavitque
307 3410 405 3485 dapes,
421 3428 574 3484 rursusque
587 3409 723 3467 innoxius
736 3410 795 3466 imo

123 3488 268 3546 Successit
281 3488 402 3562 tumulo,
417 3496 447 3547 et
460 3489 583 3565 depasta·
591 3488 689 3546 altaria
702 3488 794 3565 liquit
887 3514 889 3518 ⁴

122 3566 189 3624 Hoc
204 3564 295 3642 magis
309 3568 440 3645 inceptos
454 3567 575 3643 genitori
589 3567 727 3625 instaurat
739 3569 891 3643 honores,

123 3644 252 3703 Incertus
267 3647 422 3721 geniumne
436 3646 501 3720 loci,
516 3645 693 3704 famulumne
706 3647 842 3723 parentis,
879 3657 881 3661 ’
1067 3648 1113 3707 98

123 3722 198 3782 Esse
212 3731 294 3802 putet
307 3744 316 3782 ι
336 3725 424 3785 coedit
436 3724 518 3782 binas
532 3725 569 3784 de
582 3745 663 3785 more
676 3726 821 3802 bidentes,
