2370 4176
513 199 629 257 mnus
647 200 683 256 V.

106 348 162 405 Est
176 347 228 406 tibi
242 347 407 406 Dardanius
420 348 527 408 divinae
542 351 638 428 stirpis
650 352 794 412 Acestes:

106 426 195 482 Hunc
210 444 282 504 cape
295 427 422 486 consiliis
436 428 556 504 socium,
571 436 602 487 et
612 432 757 508 conjunge
770 431 927 491 volentem.

106 503 186 561 Huic
192 505 280 562 ‘trade
295 504 410 563 amissis
421 514 559 584 superant
573 508 624 583 qui
636 509 769 584 navibus,
784 517 814 568 et
827 529 899 588 quos
1009 512 1013 519 ’

105 584 266 641 Pertaesum
281 584 379 658 magni
391 584 504 661 incepti
515 605 668 662 rerumque
683 595 795 646 tuarum
809 596 871 662 est3

107 664 325 737 Longaevosque
339 681 434 737 senes,
449 682 482 721 ac
497 664 587 732 fessas
601 683 717 741 aequore
731 674 846 750 matres,
1031 673 1090 728 715

55 761 62 768 ·
105 741 147 798 Et
160 740 299 817 quidquid
314 750 409 801 tecum
423 741 582 812 invalidum
596 750 788 822 metuensque
802 744 904 822 pericli
917 754 970 822 est,

108 819 230 894 Delige:
253 828 282 877 et
295 819 340 876 his
353 818 479 878 habeant
492 821 573 879 terris
587 821 650 880 sine
663 823 772 881 moenia
784 822 861 882 fessi.

110 896 217 957 Urbem
233 896 419 974 appellabunt
431 899 571 977 permisso
585 899 703 958 nomine
718 903 866 961 Acestam.

144 975 265 1033 Talibus
279 977 413 1034 incensus
428 977 512 1057 (lictis
526 977 647 1036 senioris
661 979 747 1037 amici
758 985 780 1036 τ’

105 1051 183 1110 Tum
197 1050 265 1112 verb
280 1055 309 1112 in
324 1072 407 1113 curas
421 1055 549 1113 animum
564 1056 708 1114 diducitur
722 1075 835 1124 omnes.
1030 1063 1091 1118 720

107 1131 148 1190 Et
160 1151 218 1189 nox
232 1139 291 1190 atra
303 1133 403 1209 polum
416 1133 490 1210 bigis
497 1135 643 1193 subvecta
656 1135 792 1196 tenebat:

110 1211 178 1268 Visa
191 1211 296 1268 deliine
310 1212 383 1270 coelo
398 1211 485 1271 facies
499 1213 616 1290 delapso
629 1215 754 1290 parentis

110 1289 243 1359 Anchisae
259 1287 354 1348 subitb
368 1291 441 1349 tales
454 1291 603 1349 effundere
616 1310 724 1349 voces:

107 1366 192 1442 Nate,
208 1367 352 1426 mihiviti
366 1370 522 1446 quondam,
537 1371 605 1428 dum
619 1371 679 1428 vita
692 1371 836 1447 manebat,
893 1397 897 1400 ’
930 1365 934 1372 ’

106 1446 180 1503 Care
194 1443 294 1521 magis,
310 1454 385 1523 nate,
401 1447 497 1505 Iliacis
511 1450 638 1508 exercite
651 1449 727 1525 satis,
1010 1453 1088 1510 ‘725
1150 1490 1153 1496 -

96 1524 231 1600 ⁴lmperio
244 1524 325 1583 Jovis
338 1525 396 1585 buc
410 1528 506 1602 venio,
521 1528 570 1604 qui
584 1527 723 1586 classibus
737 1526 835 1602 ignem
937 1593 950 1603 ..

108 1602 235 1679 Depulit,
250 1610 279 1660 et
292 1603 364 1661 coelo
378 1605 496 1662 tandem
510 1605 711 1667 miseratusab
726 1607 782 1664 alto
797 1617 849 1664 est.
991 1612 995 1619 '

105 1681 242 1738 Consiliis
255 1701 324 1757 pare
338 1692 402 1759 quae
416 1702 494 1740 nunc
508 1683 700 1759 pulcherrima
713 1684 828 1741 Nautes
894 1692 898 1704 “

53 1830 57 1835 ,
104 1758 164 1817 Dat
177 1760 273 1817 senior
284 1771 297 1817 ι’
313 1760 403 1818 lectos
413 1762 547 1839 juvenes,
562 1761 716 1819 fortissima
729 1762 824 1836 cordo,

58 1830 77 1847 ”
105 1839 194 1896 Deler
207 1837 237 1895 in
253 1838 384 1912 Italiam3
406 1858 479 1914 gens
491 1840 562 1903 <lura
575 1846 660 1914 atque
675 1845 775 1916 aspera
788 1835 879 1897 cultu'
913 1854 916 1859 ’
973 1860 975 1864 ’
1029 1845 1090 1900 730

106 1916 287 1976 Debellanda
300 1915 353 1974 tibi
367 1917 451 1974 Latio
465 1924 517 1975 est
559 1917 637 1975 Ditis
650 1925 747 1976 tamen
763 1914 830 1974 ante

106 1994 234 2053 Infernas
249 1996 356 2052 accede
371 1996 471 2054 domos
483 2015 490 2068 3
513 2002 543 2053 et
555 1997 674 2054 Averna
686 2014 738 2073 per
752 1995 808 2053 alta

105 2074 285 2148 Congressus
299 2081 376 2150 pete,
391 2082 468 2149 nate,
483 2093 572 2131 meos.
614 2075 645 2133 N
647 2094 683 2131 on
698 2092 746 2131 me
760 2073 850 2153 impia
862 2093 989 2150 namque

105 2151 224 2209 Tartara
237 2152 355 2227 habent,
369 2153 464 2210 tristes
479 2152 607 2223 umbrae;
629 2153 681 2210 sed
696 2171 809 2217 amoena
821 2152 934 2229 piorum

106 2231 237 2287 Concilio
251 2231 441 2307 Elysiumque
456 2232 528 2290 colo.
571 2231 640 2289 Huc
654 2240 734 2289 casta
748 2230 858 2308 Sibylla
1029 2236 1088 2290 735

105 2309 134 2366 N
137 2311 259 2384 igrarum
274 2310 364 2368 multo
378 2312 524 2386 pecudum
538 2318 567 2368 te
580 2310 720 2385 sanguine
735 2311 829 2368 ducet
1105 2346 1107 2350 >

105 2387 182 2444 Tum
196 2407 288 2462 genus
303 2408 389 2446 omne
403 2397 497 2464 tuum,
510 2397 539 2447 et
553 2408 617 2465 quae
633 2389 736 2446 dentur
749 2387 865 2462 moenio,
880 2388 987 2447 disces.

102 2465 225 2541 Jamque
238 2466 302 2523 vale
315 2488 321 2524 :
343 2473 456 2544 torquet
469 2468 579 2525 medios
594 2487 653 2524 nox
666 2466 787 2524 humida
800 2484 899 2524 cursus
910 2487 921 2539 ᾗ

105 2546 144 2601 Et
159 2563 205 2601 me
220 2564 313 2603 saevus
327 2548 410 2622 equis
425 2546 529 2603 Oriens
544 2545 651 2604 afflavit
664 2544 784 2603 anhelis.

104 2625 235 2697 Dixerat,
251 2631 280 2681 et
292 2633 394 2692 tenues
407 2623 489 2698 fugit,
504 2641 558 2680 ceu
572 2623 677 2696 sumus,
692 2623 722 2679 in
737 2641 828 2680 auras.
1028 2625 1087 2678 740

104 2703 224 2776 AEueas,
241 2700 307 2772 Quo
323 2704 428 2772 deinde
442 2702 524 2759 ruis?
546 2699 603 2777 qub
617 2701 739 2777 proripis
750 2703 761 2756 ?
771 2708 773 2711 ’
783 2699 894 2774 inquit3

106 2782 203 2851 Quem
217 2781 312 2855 fugis?
330 2786 381 2839 'aut
396 2782 459 2857 quis
473 2790 502 2838 te
516 2779 620 2836 nostris
634 2776 834 2854 complexibus
849 2779 948 2835 arcet?

105 2860 179 2916 Haec
194 2879 364 2936 memorans,
380 2861 508 2917 cinerem
523 2866 552 2916 et
566 2858 673 2939 sopitos
687 2857 805 2915 suscitat
818 2856 919 2931 ignes3

104 2938 353 3015 Pergameumque
368 2939 482 3012 Larem,
498 2946 526 2995 et
540 2956 620 2995 canae
633 2935 791 3013 penetralia
804 2933 915 3011 Vesta,

104 3017 192 3075 Farre
207 3018 254 3093 pio
269 3017 398 3095 etpleni
413 3017 537 3093 supplex
550 3013 702 3073 veneratur
716 3013 821 3073 acerui:
854 3043 856 3049 s
960 3028 966 3039 ·
1030 3017 1088 3072 745

143 3095 302 3172 Extemplo
316 3097 410 3154 socios
423 3092 606 3172 primumque
620 3094 737 3152 arcessit
749 3095 877 3151 Acesten
888 3102 896 3166 ‘3
1082 3103 1085 3110 '

104 3173 145 3231 Et
157 3173 175 3230 J
177 3175 237 3232 ovis
251 3175 414 3250 imperium,
431 3183 460 3232 et
471 3173 529 3232 cari
542 3180 687 3250 praecepta
699 3172 836 3250 parentis,

104 3252 227 3328 Edocet,
243 3262 272 3311 et
285 3273 349 3329 quae
363 3271 442 3310 nunc
457 3253 552 3311 animo
567 3251 710 3309 sententia
723 3257 843 3309 constet.

104 3331 193 3389 Haud
208 3351 288 3389 mora
301 3332 440 3406 consiliis,
454 3349 509 3389 nec
518 3333 602 3408 jussa
614 3338 728 3389 recusat
740 3331 871 3387 Acestes.

104 3409 315 3468 Transcribunt
328 3409 393 3468 urbi
407 3419 522 3485 mattea,
536 3408 737 3488 populumque
750 3407 898 3465 volentem
1030 3405 1091 3462 ’150

104 3488 273 3565 Deponunt,
289 3490 399 3547 animos
413 3489 454 3546 nil
468 3506 580 3563 magnae
595 3487 689 3545 laudis
703 3491 831 3561 egentes.
901 3532 913 3552 .,

105 3567 166 3643 Ipsi
181 3576 301 3626 transtra
314 3575 432 3642 novant,
446 3566 628 3642 flammisque
642 3563 759 3622 ambesa
771 3570 917 3639 reponunt

104 3645 223 3704 Robora
235 3646 368 3722 navigiis,
383 3652 482 3721 aptant
495 3663 648 3720 remosque
662 3641 878 3718 rudentesque3‘

105 3724 216 3803 Exigui
230 3743 360 3802 numero,
376 3724 428 3783 sed
439 3722 518 3782 bello
531 3721 629 3783 vivida
641 3721 743 3782 virtus.
