2400 4178
112 189 151 249 ⁷⁰
464 183 749 244 GBORGICORUM

112 335 321 414 Experiuntnr,
335 344 366 395 et
376 335 408 394 in
421 335 549 395 medium
562 334 684 412 quesita
696 343 848 413 reponunt.

111 414 249 492 Namque
263 415 327 474 aliae
341 415 420 473 victu
433 413 594 489 invigilant,
608 422 639 472 et
651 413 759 473 soedere
770 422 859 492 pacto

112 492 297 553 Ementur
309 494 400 568 agris:
420 511 488 570 pars
500 493 575 551 intra
587 499 670 569 septa
681 492 832 551 domorum
847 532 863 558 .

111 570 242 632 Narcissi
254 572 419 648 lacrymam,
434 581 464 630 et
477 571 586 630 lentum
600 570 637 627 de
651 571 758 628 cortice
771 570 882 647 gluten,

111 649 210 709 Prima
221 650 294 708 lavis
306 658 419 727 ponunt
431 649 616 721 fundamina3
638 648 743 706 deinde
757 657 875 708 tenaces
924 678 930 693 ·

112 727 302 804 Suspendant
314 745 413 785 ceras:
435 728 510 802 alim,
524 746 605 803 spem
620 727 724 803 gentis,
738 727 851 786 adultos

112 805 251 864 Edncunt
263 807 365 866 foetus:
389 806 452 864 aliae
467 805 619 882 purissima
633 804 721 863 mella

112 884 235 961 Stipant,
251 893 280 943 et
293 885 402 961 liquido
416 884 583 943 distendant
596 893 712 941 nectare
726 882 822 941 cellas.

113 962 186 1019 Sunt
199 962 302 1039 quibus
317 964 353 1021 ad
366 971 461 1040 portas
474 961 580 1020 cecidit
592 960 724 1019 custodia
736 962 824 1019 sorti:
898 1002 903 1013 .

112 1040 204 1117 Inque
219 1042 313 1099 vicem
328 1041 513 1119 speculantur
527 1059 615 1116 aquas
629 1049 659 1097 et
671 1038 771 1097 nubila
783 1040 865 1113 coeli3

110 1120 171 1177 Aut
184 1138 272 1177 onera
285 1119 430 1197 accipiunt
444 1118 632 1189 renienbim3
654 1124 713 1191 aut,
727 1119 842 1193 agmine
855 1117 940 1195 facto,

112 1196 253 1271 Ignavum
266 1197 347 1256 sucos
360 1214 452 1275 pecus
466 1217 482 1254 a
501 1196 681 1273 praesepibus
695 1206 801 1254 meent.

111 1275 219 1334 Fervet
231 1295 315 1352 opus,
329 1275 515 1352 redolentque
529 1275 629 1350 thymo
642 1274 795 1349 fragrantis
807 1274 902 1334 mella.

110 1355 155 1411 Ac
169 1355 260 1413 veluti
273 1354 357 1412 lentis
371 1354 516 1431 Cyclopes
529 1354 649 1411 fulmina
663 1353 765 1410 massis

112 1431 211 1503 Quum
225 1442 387 1509 properant,
403 1431 451 1489 alii
464 1432 582 1490 taurinis
596 1430 711 1488 follibus
725 1447 808 1487 auras

110 1511 268 1588 Accipiunt
280 1511 469 1584 redduntque,
484 1508 532 1565 alii
546 1508 694 1566 stridentia
707 1507 822 1583 tingunt

109 1586 183 1646 AEra
195 1588 277 1660 lacu;
299 1588 388 1662 gemit
401 1587 542 1662 impositis
555 1586 709 1644 incudibus
723 1585 833 1658 AEtna3

110 1663 158 1725 llli
170 1666 245 1724 inter
258 1685 322 1723 sese
336 1665 440 1740 magni
453 1665 483 1722 vi
496 1663 614 1721 brachia
627 1664 731 1722 tollunt

111 1742 145 1800 ln
159 1763 320 1818 numerum,
332 1751 505 1819 versantque
519 1744 614 1800 tenaci
627 1743 737 1819 forcipe
750 1742 872 1800 sermm:

109 1820 179 1879 Non
194 1822 283 1896 aliter,
299 1823 322 1879 si
335 1842 424 1899 parva
436 1820 505 1879 licet
518 1840 691 1898 componere
706 1821 827 1896 magnis,

109 1899 266 1976 Cecropias
280 1901 394 1958 innatus
409 1919 477 1976 apes
492 1918 571 1957 amor
584 1909 666 1975 urget
679 1899 815 1973 habendi,

109 1975 234 2035 Munere
248 1998 392 2055 quamque
405 1996 467 2035 suo.
509 1977 679 2035 Grandaevis
694 1977 801 2053 oppida
814 1995 900 2051 curae,

109 2052 150 2113 Et
161 2055 277 2112 munire
291 2056 379 2130 favos,
395 2064 425 2113 et
438 2055 562 2112 Dedala
575 2055 683 2129 fingere
697 2062 781 2112 tecta

108 2132 149 2189 At
162 2133 245 2190 fessae
259 2134 349 2191 multa
363 2133 490 2190 referunt
502 2149 533 2187 se
548 2140 632 2188 nocte
647 2133 781 2205 minores,

109 2208 201 2267 Crura
213 2209 312 2285 thymo
346 2210 420 2266 lenae
433 2229 439 2265 :
461 2217 618 2284 pascuntur
632 2218 662 2266 et
675 2208 774 2266 arbuta
786 2208 904 2283 passim,

108 2286 150 2345 Et
162 2287 281 2361 glaucas
294 2231 406 2361 salices,
421 2287 595 2362 casiamque,
610 2304 784 2377 crocumque
799 2285 958 2361 rubentem,

108 2365 150 2422 Et
162 2365 301 2440 pinguem
315 2364 415 2439 tiliam,
430 2372 460 2422 et
473 2364 649 2440 ferrugineos
662 2364 842 2441 hyacinthos.

108 2442 251 2500 Omnibus
265 2463 322 2501 una
336 2444 417 2519 quies
431 2462 560 2519 operum,
575 2443 655 2501 labor
668 2442 801 2502 omnibus
816 2463 898 2502 unus.

107 2517 198 2578 Mane
211 2531 296 2580 ruunt
309 2523 416 2600 portis;
438 2541 578 2598 nusquam
592 2541 690 2579 mora:
712 2541 809 2580 rursus
823 2524 940 2581 easdem

107 2597 222 2675 Vesper
235 2600 285 2657 ubi
300 2621 316 2657 e
330 2609 415 2677 pastu
425 2601 541 2659 tandem
556 2601 702 2659 decedere.
712 2601 822 2678 campis

106 2677 277 2755 Admonuit,
292 2689 354 2738 tum
369 2688 446 2738 tecta
458 2688 569 2757 petunt,
583 2688 646 2738 tum
660 2699 781 2757 corpora
792 2688 910 2752 curant;

106 2753 156 2813 Fit
169 2759 288 2833 sonitus,
304 2768 488 2835 mussantque
503 2779 566 2816 oras
580 2768 609 2817 et
622 2760 722 2816 limina
736 2759 854 2816 circum.

105 2831 186 2912 Post,
202 2836 252 2894 ubi
262 2840 323 2916 jam
338 2838 471 2896 thalamis
485 2857 516 2895 se
531 2835 732 2914 composuere,
746 2837 847 2894 siletur

106 2910 141 2969 ln
156 2923 283 2989 noctem,
298 2916 445 2990 fessosque
459 2935 544 2990 sopor
558 2934 626 2973 suus
640 2921 765 2990 occupat
778 2924 863 2971 artus.

105 2991 172 3049 Nec
187 2990 255 3049 verb
270 3013 290 3066 a·
300 2994 418 3051 stabulis
431 2993 531 3069 pluvii
544 2993 729 3070 impendente
744 2992 883 3049 recedunt

106 3067 244 3144 Longius,
260 3079 308 3130 aut
322 3072 443 3129 credunt
456 3070 540 3144 coelo,
556 3069 775 3128 adventantibus
790 3071 884 3144 euris,

107 3147 166 3204 Sed
180 3145 290 3205 circum
304 3156 373 3218 tutae
387 3149 441 3206 sub
456 3148 599 3206 moenibus
613 3148 691 3206 urbis
706 3157 854 3224 aquantur,

106 3219 428 3303 Excursusque‘breves
442 3235 571 3300 tentant;
593 3236 622 3284 et
636 3229 713 3303 saepe
728 3226 851 3303 lapillos,

105 3305 147 3364 Ut
161 3305 273 3382 cymbae
288 3306 435 3364 instabiles
448 3306 537 3364 fluctu
546 3309 674 3384 jactante
689 3305 845 3382 saburram,

105 3383 242 3457 Tollunt;
264 3385 310 3442 his
323 3400 387 3442 sese
401 3404 454 3461 per
467 3385 565 3442 inania
577 3384 677 3441 nubila
690 3383 803 3443 librant.

146 3462 232 3520 Illum
247 3461 319 3520 aded
334 3464 477 3541 placuisse
492 3463 594 3539 apibus
608 3462 748 3520 mirabere
762 3482 882 3538 morem,

106 3538 195 3612 Qudd
208 3559 264 3599 nec
279 3542 434 3601 concubitu
449 3542 608 3616 indulgent,
624 3559 679 3598 nec
693 3561 813 3618 corpora
826 3559 929 3618 segnes

106 3619 141 3676 ln
155 3619 301 3677 Venerem
317 3621 440 3696 solvunt,
455 3630 504 3679 aut
514 3621 600 3678 soetus
614 3619 729 3677 nixibus
744 3622 850 3679 edunt:

105 3693 217 3755 Verrim
231 3697 302 3776 ipsae
318 3717 334 3756 e
348 3699 424 3758 foliis
437 3707 520 3759 natos
535 3707 563 3757 et
577 3698 712 3757 suavibus
726 3699 823 3760 herbis
