<?xml version="1.0" encoding="UTF-8"?>
<!DOCTYPE html PUBLIC "-//W3C//DTD XHTML 1.0 Transitional//EN"
    "http://www.w3.org/TR/xhtml1/DTD/xhtml1-transitional.dtd">
<html xmlns="http://www.w3.org/1999/xhtml" xml:lang="en" lang="en">
 <head>
  <title>
</title>
<meta http-equiv="Content-Type" content="text/html;charset=utf-8" />
  <meta name='ocr-system' content='tesseract 3.04.00' />
  <meta name='ocr-capabilities' content='ocr_page ocr_carea ocr_par ocr_line ocrx_word'/>
</head>
<body>
  <div class='ocr_page' id='page_1' title='image "./bucolicageorgic02virggoog/bucolicageorgic02virggoog_0105.png"; bbox 0 0 2400 4178; ppageno 0'>
   <div class='ocr_carea' id='block_1_1' title="bbox 109 162 701 225">
    <p class='ocr_par' dir='ltr' id='par_1_1' title="bbox 109 162 701 225">
     <span class='ocr_line' id='line_1_1' title="bbox 109 162 701 225; baseline -0.003 -2"><span class='ocrx_word' id='word_1_1' title='bbox 109 168 163 225; x_wconf 71' lang='lat'>102</span> <span class='ocrx_word' id='word_1_2' title='bbox 518 162 701 223; x_wconf 72' lang='lat' dir='ltr'>AENEIDOS</span> 
     </span>
    </p>
   </div>
   <div class='ocr_carea' id='block_1_2' title="bbox 108 312 963 395">
    <p class='ocr_par' dir='ltr' id='par_1_2' title="bbox 108 312 963 395">
     <span class='ocr_line' id='line_1_2' title="bbox 108 312 963 395; baseline 0.001 -19"><span class='ocrx_word' id='word_1_3' title='bbox 108 318 300 393; x_wconf 77' lang='lat' dir='ltr'>convertant)</span> <span class='ocrx_word' id='word_1_4' title='bbox 317 316 448 375; x_wconf 86' lang='lat' dir='ltr'>Priami</span> <span class='ocrx_word' id='word_1_5' title='bbox 439 317 562 394; x_wconf 83' lang='lat' dir='ltr'>imperio</span> <span class='ocrx_word' id='word_1_6' title='bbox 575 314 798 393; x_wconf 69' lang='lat' dir='ltr'><strong>Phrygibusque</strong></span> <span class='ocrx_word' id='word_1_7' title='bbox 810 312 963 395; x_wconf 66' lang='lat' dir='ltr'>lunum·</span> 
     </span>
    </p>
   </div>
   <div class='ocr_carea' id='block_1_3' title="bbox 14 394 1103 3773">
    <p class='ocr_par' dir='ltr' id='par_1_3' title="bbox 14 394 1103 3773">
     <span class='ocr_line' id='line_1_3' title="bbox 109 394 918 473; baseline -0.004 -20"><span class='ocrx_word' id='word_1_8' title='bbox 109 396 160 453; x_wconf 86' lang='lat' dir='ltr'>Sin</span> <span class='ocrx_word' id='word_1_9' title='bbox 176 396 308 455; x_wconf 88' lang='lat' dir='ltr'>manibus</span> <span class='ocrx_word' id='word_1_10' title='bbox 321 396 422 453; x_wconf 73' lang='lat' dir='ltr'>restris</span> <span class='ocrx_word' id='word_1_11' title='bbox 435 404 558 453; x_wconf 76' lang='lat' dir='ltr'>vestram</span> <span class='ocrx_word' id='word_1_12' title='bbox 573 394 770 451; x_wconf 83' lang='lat' dir='ltr'>ascendisset</span> <span class='ocrx_word' id='word_1_13' title='bbox 762 412 792 453; x_wconf 91' lang='grc' dir='ltr'>ιιι</span> <span class='ocrx_word' id='word_1_14' title='bbox 806 394 918 473; x_wconf 81' lang='lat' dir='ltr'>urbem,</span> 
     </span>
     <span class='ocr_line' id='line_1_4' title="bbox 109 471 826 550; baseline -0.006 -15"><span class='ocrx_word' id='word_1_15' title='bbox 109 474 194 535; x_wconf 92' lang='lat' dir='ltr'>Ultro</span> <span class='ocrx_word' id='word_1_16' title='bbox 208 475 306 533; x_wconf 81' lang='lat' dir='ltr'>Asiam</span> <span class='ocrx_word' id='word_1_17' title='bbox 321 492 425 547; x_wconf 82' lang='lat' dir='ltr'>magno</span> <span class='ocrx_word' id='word_1_18' title='bbox 439 472 568 550; x_wconf 89' lang='lat' dir='ltr'>Pelopea</span> <span class='ocrx_word' id='word_1_19' title='bbox 581 473 617 529; x_wconf 89' lang='lat' dir='ltr'>ad</span> <span class='ocrx_word' id='word_1_20' title='bbox 631 472 738 530; x_wconf 84' lang='lat' dir='ltr'>moeniu</span> <span class='ocrx_word' id='word_1_21' title='bbox 749 471 826 531; x_wconf 90' lang='lat' dir='ltr'>bello</span> 
     </span>
     <span class='ocr_line' id='line_1_5' title="bbox 107 552 841 629; baseline -0.001 -18"><span class='ocrx_word' id='word_1_22' title='bbox 107 553 280 629; x_wconf 85' lang='lat' dir='ltr'>Venturam,</span> <span class='ocrx_word' id='word_1_23' title='bbox 293 563 324 610; x_wconf 87' lang='lat' dir='ltr'>et</span> <span class='ocrx_word' id='word_1_24' title='bbox 337 562 448 609; x_wconf 88' lang='lat' dir='ltr'>nostros</span> <span class='ocrx_word' id='word_1_25' title='bbox 462 571 497 609; x_wconf 90' lang='lat' dir='ltr'>ea</span> <span class='ocrx_word' id='word_1_26' title='bbox 510 552 568 609; x_wconf 85' lang='lat' dir='ltr'>lata</span> <span class='ocrx_word' id='word_1_27' title='bbox 580 570 697 607; x_wconf 90' lang='lat' dir='ltr'>manere</span> <span class='ocrx_word' id='word_1_28' title='bbox 711 560 841 629; x_wconf 86' lang='lat' dir='ltr'>nepotes.</span> 
     </span>
     <span class='ocr_line' id='line_1_6' title="bbox 147 630 1103 707; baseline 0.003 -19"><span class='ocrx_word' id='word_1_29' title='bbox 147 632 270 689; x_wconf 75' lang='lat' dir='ltr'><strong>Talibus</strong></span> <span class='ocrx_word' id='word_1_30' title='bbox 284 631 404 705; x_wconf 91' lang='lat' dir='ltr'>insidiis,</span> <span class='ocrx_word' id='word_1_31' title='bbox 419 630 583 707; x_wconf 88' lang='lat' dir='ltr'>perjurique</span> <span class='ocrx_word' id='word_1_32' title='bbox 598 638 657 687; x_wconf 91' lang='lat' dir='ltr'>arte</span> <span class='ocrx_word' id='word_1_33' title='bbox 672 630 799 705; x_wconf 87' lang='lat' dir='ltr'>Sinonis,</span> <span class='ocrx_word' id='word_1_34' title='bbox 1039 636 1103 695; x_wconf 71' lang='grc' dir='ltr'><strong>Μ</strong></span> 
     </span>
     <span class='ocr_line' id='line_1_7' title="bbox 107 706 880 785; baseline -0.003 -18"><span class='ocrx_word' id='word_1_35' title='bbox 107 710 226 767; x_wconf 86' lang='lat' dir='ltr'>Credita</span> <span class='ocrx_word' id='word_1_36' title='bbox 239 728 301 781; x_wconf 88' lang='lat' dir='ltr'>res;</span> <span class='ocrx_word' id='word_1_37' title='bbox 323 710 457 785; x_wconf 75' lang='lat' dir='ltr'><strong>captique</strong></span> <span class='ocrx_word' id='word_1_38' title='bbox 471 708 545 765; x_wconf 90' lang='lat' dir='ltr'>dolis</span> <span class='ocrx_word' id='word_1_39' title='bbox 558 707 747 785; x_wconf 73' lang='lat' dir='ltr'>lacrymisque</span> <span class='ocrx_word' id='word_1_40' title='bbox 761 706 880 783; x_wconf 83' lang='lat' dir='ltr'>coactis,</span> 
     </span>
     <span class='ocr_line' id='line_1_8' title="bbox 108 786 850 881; baseline -0.001 -37"><span class='ocrx_word' id='word_1_41' title='bbox 108 788 190 858; x_wconf 77' lang='lat' dir='ltr'>Quos</span> <span class='ocrx_word' id='word_1_42' title='bbox 205 806 241 843; x_wconf 91' lang='lat' dir='ltr'>ne</span> <span class='ocrx_word' id='word_1_43' title='bbox 242 808 298 864; x_wconf 91' lang='lat' dir='ltr'>qne</span> <span class='ocrx_word' id='word_1_44' title='bbox 312 787 452 881; x_wconf 80' lang='lat' dir='ltr'>Tydides,</span> <span class='ocrx_word' id='word_1_45' title='bbox 466 806 522 843; x_wconf 92' lang='lat' dir='ltr'>nec</span> <span class='ocrx_word' id='word_1_46' title='bbox 536 787 694 843; x_wconf 78' lang='lat' dir='ltr'>Larissaeus</span> <span class='ocrx_word' id='word_1_47' title='bbox 709 786 850 863; x_wconf 84' lang='lat' dir='ltr'>Achilles,</span> 
     </span>
     <span class='ocr_line' id='line_1_9' title="bbox 106 810 835 939; baseline -0.001 -16"><span class='ocrx_word' id='word_1_48' title='bbox 106 866 137 923; x_wconf 91' lang='lat' dir='ltr'>N</span> <span class='ocrx_word' id='word_1_49' title='bbox 139 886 176 923; x_wconf 91' lang='lat' dir='ltr'>on</span> <span class='ocrx_word' id='word_1_50' title='bbox 191 885 258 922; x_wconf 84' lang='lat' dir='ltr'>anni</span> <span class='ocrx_word' id='word_1_51' title='bbox 242 810 411 923; x_wconf 70' lang='lat' dir='ltr'>qdomuere</span> <span class='ocrx_word' id='word_1_52' title='bbox 425 866 539 939; x_wconf 89' lang='lat' dir='ltr'>decem,</span> <span class='ocrx_word' id='word_1_53' title='bbox 554 884 612 922; x_wconf 92' lang='lat' dir='ltr'>non</span> <span class='ocrx_word' id='word_1_54' title='bbox 627 865 706 922; x_wconf 90' lang='lat' dir='ltr'>mille</span> <span class='ocrx_word' id='word_1_55' title='bbox 719 864 835 923; x_wconf 78' lang='lat' dir='ltr'>carinas.</span> 
     </span>
     <span class='ocr_line' id='line_1_10' title="bbox 146 941 890 1024; baseline 0.001 -23"><span class='ocrx_word' id='word_1_56' title='bbox 146 944 205 1001; x_wconf 87' lang='lat' dir='ltr'>llic</span> <span class='ocrx_word' id='word_1_57' title='bbox 220 945 297 1001; x_wconf 88' lang='lat' dir='ltr'>aliud</span> <span class='ocrx_word' id='word_1_58' title='bbox 312 947 405 1024; x_wconf 88' lang='lat' dir='ltr'>majus</span> <span class='ocrx_word' id='word_1_59' title='bbox 419 944 531 1001; x_wconf 88' lang='lat' dir='ltr'>miseris</span> <span class='ocrx_word' id='word_1_60' title='bbox 546 941 694 1021; x_wconf 76' lang='lat' dir='ltr'>multoque</span> <span class='ocrx_word' id='word_1_61' title='bbox 707 944 890 1003; x_wconf 80' lang='lat' dir='ltr'>tremendum</span> 
     </span>
     <span class='ocr_line' id='line_1_11' title="bbox 107 1020 887 1100; baseline 0.003 -21"><span class='ocrx_word' id='word_1_62' title='bbox 107 1020 250 1100; x_wconf 81' lang='lat' dir='ltr'>Oincitur</span> <span class='ocrx_word' id='word_1_63' title='bbox 263 1021 364 1097; x_wconf 76' lang='lat' dir='ltr'>magis,</span> <span class='ocrx_word' id='word_1_64' title='bbox 379 1033 464 1100; x_wconf 89' lang='lat' dir='ltr'>atque</span> <span class='ocrx_word' id='word_1_65' title='bbox 478 1022 640 1099; x_wconf 78' lang='lat' dir='ltr'>improvida</span> <span class='ocrx_word' id='word_1_66' title='bbox 651 1030 771 1099; x_wconf 77' lang='lat' dir='ltr'>pectora</span> <span class='ocrx_word' id='word_1_67' title='bbox 782 1021 887 1081; x_wconf 74' lang='lat' dir='ltr'>turbat.</span> 
     </span>
     <span class='ocr_line' id='line_1_12' title="bbox 107 1100 772 1178; baseline 0 -21"><span class='ocrx_word' id='word_1_68' title='bbox 107 1102 252 1175; x_wconf 76' lang='lat' dir='ltr'>Laocoon,</span> <span class='ocrx_word' id='word_1_69' title='bbox 267 1102 370 1159; x_wconf 92' lang='lat' dir='ltr'>ductus</span> <span class='ocrx_word' id='word_1_70' title='bbox 384 1102 526 1178; x_wconf 79' lang='lat' dir='ltr'>Neptuno</span> <span class='ocrx_word' id='word_1_71' title='bbox 540 1110 615 1158; x_wconf 81' lang='lat' dir='ltr'>sorte</span> <span class='ocrx_word' id='word_1_72' title='bbox 629 1100 772 1173; x_wconf 76' lang='lat' dir='ltr'>sacerdos,</span> 
     </span>
     <span class='ocr_line' id='line_1_13' title="bbox 108 1178 841 1255; baseline -0.001 -20"><span class='ocrx_word' id='word_1_73' title='bbox 108 1179 260 1237; x_wconf 85' lang='lat' dir='ltr'>Solcmncs</span> <span class='ocrx_word' id='word_1_74' title='bbox 275 1190 387 1237; x_wconf 89' lang='lat' dir='ltr'>taurum</span> <span class='ocrx_word' id='word_1_75' title='bbox 401 1181 548 1255; x_wconf 89' lang='lat' dir='ltr'>ingentem</span> <span class='ocrx_word' id='word_1_76' title='bbox 563 1178 706 1237; x_wconf 74' lang='lat' dir='ltr'><strong>mactabat</strong></span> <span class='ocrx_word' id='word_1_77' title='bbox 720 1180 756 1236; x_wconf 87' lang='lat' dir='ltr'>ad</span> <span class='ocrx_word' id='word_1_78' title='bbox 770 1196 841 1237; x_wconf 83' lang='lat' dir='ltr'>aras.</span> 
     </span>
     <span class='ocr_line' id='line_1_14' title="bbox 105 1256 882 1334; baseline 0.001 -19"><span class='ocrx_word' id='word_1_79' title='bbox 105 1257 187 1315; x_wconf 89' lang='lat' dir='ltr'>Ecce</span> <span class='ocrx_word' id='word_1_80' title='bbox 202 1265 296 1316; x_wconf 87' lang='lat' dir='ltr'>autem</span> <span class='ocrx_word' id='word_1_81' title='bbox 311 1259 418 1333; x_wconf 77' lang='lat' dir='ltr'>gemini</span> <span class='ocrx_word' id='word_1_82' title='bbox 430 1278 447 1315; x_wconf 93' lang='grc' dir='ltr'>ι</span> <span class='ocrx_word' id='word_1_83' title='bbox 459 1258 581 1317; x_wconf 85' lang='lat' dir='ltr'>Tenedo</span> <span class='ocrx_word' id='word_1_84' title='bbox 595 1257 747 1333; x_wconf 87' lang='lat' dir='ltr'>tranquilla</span> <span class='ocrx_word' id='word_1_85' title='bbox 759 1275 812 1334; x_wconf 90' lang='lat' dir='ltr'>per</span> <span class='ocrx_word' id='word_1_86' title='bbox 824 1256 882 1316; x_wconf 68' lang='lat' dir='ltr'>alle</span> 
     </span>
     <span class='ocr_line' id='line_1_15' title="bbox 109 1334 845 1413; baseline -0.001 -20"><span class='ocrx_word' id='word_1_87' title='bbox 109 1334 270 1411; x_wconf 79' lang='lat' dir='ltr'>(Horresco</span> <span class='ocrx_word' id='word_1_88' title='bbox 285 1336 425 1413; x_wconf 84' lang='lat' dir='ltr'>reserens)</span> <span class='ocrx_word' id='word_1_89' title='bbox 443 1338 593 1395; x_wconf 85' lang='lat' dir='ltr'>immensis</span> <span class='ocrx_word' id='word_1_90' title='bbox 606 1335 722 1394; x_wconf 90' lang='lat' dir='ltr'>orbibus</span> <span class='ocrx_word' id='word_1_91' title='bbox 736 1353 845 1411; x_wconf 80' lang='lat' dir='ltr'>angues</span> 
     </span>
     <span class='ocr_line' id='line_1_16' title="bbox 106 1414 900 1509; baseline 0.003 -38"><span class='ocrx_word' id='word_1_92' title='bbox 106 1414 283 1473; x_wconf 85' lang='lat' dir='ltr'>incumbunt</span> <span class='ocrx_word' id='word_1_93' title='bbox 297 1416 411 1509; x_wconf 81' lang='lat' dir='ltr'>pelago,</span> <span class='ocrx_word' id='word_1_94' title='bbox 426 1416 586 1491; x_wconf 86' lang='lat' dir='ltr'>pariterque</span> <span class='ocrx_word' id='word_1_95' title='bbox 601 1415 637 1471; x_wconf 90' lang='lat' dir='ltr'>ad</span> <span class='ocrx_word' id='word_1_96' title='bbox 651 1414 745 1471; x_wconf 89' lang='lat' dir='ltr'>littora</span> <span class='ocrx_word' id='word_1_97' title='bbox 758 1415 900 1487; x_wconf 85' lang='lat' dir='ltr'>tendunt;</span> 
     </span>
     <span class='ocr_line' id='line_1_17' title="bbox 105 1491 837 1570; baseline 0.001 -21"><span class='ocrx_word' id='word_1_98' title='bbox 105 1492 228 1551; x_wconf 90' lang='lat' dir='ltr'>Pectora</span> <span class='ocrx_word' id='word_1_99' title='bbox 241 1513 362 1570; x_wconf 91' lang='lat' dir='ltr'>qnorum</span> <span class='ocrx_word' id='word_1_100' title='bbox 376 1495 450 1550; x_wconf 90' lang='lat' dir='ltr'>inter</span> <span class='ocrx_word' id='word_1_101' title='bbox 463 1494 566 1551; x_wconf 87' lang='lat' dir='ltr'>tinctus</span> <span class='ocrx_word' id='word_1_102' title='bbox 581 1500 689 1549; x_wconf 85' lang='lat' dir='ltr'>arrecta</span> <span class='ocrx_word' id='word_1_103' title='bbox 697 1491 837 1569; x_wconf 68' lang='lat' dir='ltr'>jubarque</span> 
     </span>
     <span class='ocr_line' id='line_1_18' title="bbox 63 1572 931 1665; baseline 0.002 -38"><span class='ocrx_word' id='word_1_104' title='bbox 63 1628 66 1635; x_wconf 79' lang='grc'><em>,</em></span> <span class='ocrx_word' id='word_1_105' title='bbox 106 1572 278 1665; x_wconf 78' lang='lat' dir='ltr'>Sanguinem</span> <span class='ocrx_word' id='word_1_106' title='bbox 294 1579 467 1649; x_wconf 84' lang='lat' dir='ltr'>exsuperant</span> <span class='ocrx_word' id='word_1_107' title='bbox 480 1572 591 1641; x_wconf 88' lang='lat' dir='ltr'>undas;</span> <span class='ocrx_word' id='word_1_108' title='bbox 612 1587 677 1646; x_wconf 81' lang='lat' dir='ltr'>pers</span> <span class='ocrx_word' id='word_1_109' title='bbox 690 1577 795 1628; x_wconf 78' lang='lat' dir='ltr'>caetera</span> <span class='ocrx_word' id='word_1_110' title='bbox 807 1578 931 1647; x_wconf 81' lang='lat' dir='ltr'>pontum</span> 
     </span>
     <span class='ocr_line' id='line_1_19' title="bbox 105 1646 881 1741; baseline 0.004 -35"><span class='ocrx_word' id='word_1_111' title='bbox 105 1646 187 1706; x_wconf 77' lang='lat' dir='ltr'>Ponb</span> <span class='ocrx_word' id='word_1_112' title='bbox 180 1650 281 1741; x_wconf 80' lang='lat' dir='ltr'>legit,</span> <span class='ocrx_word' id='word_1_113' title='bbox 296 1650 468 1725; x_wconf 90' lang='lat' dir='ltr'>sinuantque</span> <span class='ocrx_word' id='word_1_114' title='bbox 479 1648 777 1708; x_wconf 84' lang='lat' dir='ltr'>immensavolumine</span> <span class='ocrx_word' id='word_1_115' title='bbox 791 1658 881 1726; x_wconf 74' lang='lat' dir='ltr'>terga</span> 
     </span>
     <span class='ocr_line' id='line_1_20' title="bbox 104 1726 935 1821; baseline 0.005 -36"><span class='ocrx_word' id='word_1_116' title='bbox 104 1726 154 1785; x_wconf 86' lang='lat' dir='ltr'>Fit</span> <span class='ocrx_word' id='word_1_117' title='bbox 168 1729 277 1786; x_wconf 88' lang='lat' dir='ltr'>sonitus</span> <span class='ocrx_word' id='word_1_118' title='bbox 278 1738 453 1805; x_wconf 86' lang='lat' dir='ltr'>,spumante</span> <span class='ocrx_word' id='word_1_119' title='bbox 467 1728 575 1801; x_wconf 89' lang='lat' dir='ltr'>salo;</span> <span class='ocrx_word' id='word_1_120' title='bbox 562 1747 681 1820; x_wconf 81' lang='lat' dir='ltr'>Jamque</span> <span class='ocrx_word' id='word_1_121' title='bbox 696 1748 763 1787; x_wconf 88' lang='lat' dir='ltr'>arva</span> <span class='ocrx_word' id='word_1_122' title='bbox 762 1728 935 1821; x_wconf 69' lang='lat' dir='ltr'>tenebantJ</span> 
     </span>
     <span class='ocr_line' id='line_1_21' title="bbox 105 1807 830 1884; baseline 0.003 -22.025"><span class='ocrx_word' id='word_1_123' title='bbox 105 1807 306 1884; x_wconf 63' lang='lat' dir='ltr'>ardentesque</span> <span class='ocrx_word' id='word_1_124' title='bbox 321 1807 420 1865; x_wconf 90' lang='lat' dir='ltr'>oculos</span> <span class='ocrx_word' id='word_1_125' title='bbox 434 1807 548 1866; x_wconf 82' lang='lat' dir='ltr'>suffecti</span> <span class='ocrx_word' id='word_1_126' title='bbox 563 1808 703 1882; x_wconf 83' lang='lat' dir='ltr'>sanguine</span> <span class='ocrx_word' id='word_1_127' title='bbox 718 1816 748 1866; x_wconf 90' lang='lat' dir='ltr'>et</span> <span class='ocrx_word' id='word_1_128' title='bbox 760 1807 830 1884; x_wconf 87' lang='lat' dir='ltr'>igni,</span> 
     </span>
     <span class='ocr_line' id='line_1_22' title="bbox 107 1885 756 1963; baseline 0.005 -22"><span class='ocrx_word' id='word_1_129' title='bbox 107 1885 199 1943; x_wconf 87' lang='lat' dir='ltr'>Sibila</span> <span class='ocrx_word' id='word_1_130' title='bbox 213 1886 378 1945; x_wconf 82' lang='lat' dir='ltr'>lambebant</span> <span class='ocrx_word' id='word_1_131' title='bbox 389 1886 497 1963; x_wconf 88' lang='lat' dir='ltr'>linguis</span> <span class='ocrx_word' id='word_1_132' title='bbox 506 1887 685 1946; x_wconf 88' lang='lat' dir='ltr'>vibrantibus</span> <span class='ocrx_word' id='word_1_133' title='bbox 699 1906 756 1944; x_wconf 72' lang='lat' dir='ltr'>ora„</span> 
     </span>
     <span class='ocr_line' id='line_1_23' title="bbox 105 1964 858 2042; baseline 0.003 -21"><span class='ocrx_word' id='word_1_134' title='bbox 105 1964 282 2040; x_wconf 86' lang='lat' dir='ltr'>Diffugimus</span> <span class='ocrx_word' id='word_1_135' title='bbox 296 1967 360 2023; x_wconf 89' lang='lat' dir='ltr'>visu</span> <span class='ocrx_word' id='word_1_136' title='bbox 376 1985 546 2042; x_wconf 81' lang='lat' dir='ltr'>exsangues.</span> <span class='ocrx_word' id='word_1_137' title='bbox 590 1966 636 2022; x_wconf 92' lang='lat' dir='ltr'>Illi</span> <span class='ocrx_word' id='word_1_138' title='bbox 651 1967 765 2040; x_wconf 81' lang='lat' dir='ltr'>agmine</span> <span class='ocrx_word' id='word_1_139' title='bbox 779 1972 858 2023; x_wconf 90' lang='lat' dir='ltr'>certo</span> 
     </span>
     <span class='ocr_line' id='line_1_24' title="bbox 105 2042 835 2121; baseline 0.003 -22"><span class='ocrx_word' id='word_1_140' title='bbox 105 2044 272 2103; x_wconf 89' lang='lat' dir='ltr'>Laocoonta</span> <span class='ocrx_word' id='word_1_141' title='bbox 284 2052 405 2121; x_wconf 82' lang='lat' dir='ltr'>petunt·</span> <span class='ocrx_word' id='word_1_142' title='bbox 428 2055 458 2102; x_wconf 92' lang='lat' dir='ltr'>et</span> <span class='ocrx_word' id='word_1_143' title='bbox 471 2042 596 2120; x_wconf 78' lang='lat' dir='ltr'>primum</span> <span class='ocrx_word' id='word_1_144' title='bbox 609 2063 698 2119; x_wconf 83' lang='lat' dir='ltr'>parva</span> <span class='ocrx_word' id='word_1_145' title='bbox 711 2044 835 2101; x_wconf 89' lang='lat' dir='ltr'>duorum</span> 
     </span>
     <span class='ocr_line' id='line_1_25' title="bbox 106 2121 810 2197; baseline -0.003 -18"><span class='ocrx_word' id='word_1_146' title='bbox 106 2121 235 2197; x_wconf 89' lang='lat' dir='ltr'>Corpora</span> <span class='ocrx_word' id='word_1_147' title='bbox 248 2133 378 2180; x_wconf 87' lang='lat' dir='ltr'>natorum</span> <span class='ocrx_word' id='word_1_148' title='bbox 393 2140 512 2197; x_wconf 90' lang='lat' dir='ltr'>serpens</span> <span class='ocrx_word' id='word_1_149' title='bbox 526 2122 675 2196; x_wconf 89' lang='lat' dir='ltr'>amplexus</span> <span class='ocrx_word' id='word_1_150' title='bbox 689 2130 810 2196; x_wconf 90' lang='lat' dir='ltr'>uterque</span> 
     </span>
     <span class='ocr_line' id='line_1_26' title="bbox 107 2199 810 2293; baseline 0.003 -38"><span class='ocrx_word' id='word_1_151' title='bbox 107 2199 248 2293; x_wconf 85' lang='lat' dir='ltr'>implicat,</span> <span class='ocrx_word' id='word_1_152' title='bbox 263 2210 292 2258; x_wconf 92' lang='lat' dir='ltr'>et</span> <span class='ocrx_word' id='word_1_153' title='bbox 306 2201 424 2256; x_wconf 87' lang='lat' dir='ltr'>miseros</span> <span class='ocrx_word' id='word_1_154' title='bbox 438 2218 533 2256; x_wconf 92' lang='lat' dir='ltr'>morsu</span> <span class='ocrx_word' id='word_1_155' title='bbox 549 2199 712 2276; x_wconf 86' lang='lat' dir='ltr'>depascitur</span> <span class='ocrx_word' id='word_1_156' title='bbox 725 2208 810 2257; x_wconf 86' lang='lat' dir='ltr'>artus.</span> 
     </span>
     <span class='ocr_line' id='line_1_27' title="bbox 107 2274 896 2354; baseline 0.005 -21"><span class='ocrx_word' id='word_1_157' title='bbox 107 2274 208 2337; x_wconf 73' lang='lat' dir='ltr'>eust</span> <span class='ocrx_word' id='word_1_158' title='bbox 177 2297 304 2354; x_wconf 84' lang='lat' dir='ltr'>,rpsnm,</span> <span class='ocrx_word' id='word_1_159' title='bbox 319 2277 427 2335; x_wconf 84' lang='lat' dir='ltr'>auxilio</span> <span class='ocrx_word' id='word_1_160' title='bbox 441 2277 613 2335; x_wconf 88' lang='lat' dir='ltr'>subeuntem</span> <span class='ocrx_word' id='word_1_161' title='bbox 628 2296 660 2334; x_wconf 89' lang='lat' dir='ltr'>ac</span> <span class='ocrx_word' id='word_1_162' title='bbox 674 2277 732 2335; x_wconf 90' lang='lat' dir='ltr'>tela</span> <span class='ocrx_word' id='word_1_163' title='bbox 744 2277 896 2353; x_wconf 86' lang='lat' dir='ltr'>ferentem,</span> 
     </span>
     <span class='ocr_line' id='line_1_28' title="bbox 106 2320 857 2435; baseline 0.003 -23"><span class='ocrx_word' id='word_1_164' title='bbox 106 2320 280 2431; x_wconf 81' lang='lat' dir='ltr'>Corripiunt,</span> <span class='ocrx_word' id='word_1_165' title='bbox 296 2356 436 2431; x_wconf 90' lang='lat' dir='ltr'>spirisque</span> <span class='ocrx_word' id='word_1_166' title='bbox 450 2357 540 2431; x_wconf 89' lang='lat' dir='ltr'>ligant</span> <span class='ocrx_word' id='word_1_167' title='bbox 553 2356 734 2432; x_wconf 84' lang='lat' dir='ltr'>ingentibus,</span> <span class='ocrx_word' id='word_1_168' title='bbox 756 2359 857 2435; x_wconf 88' lang='lat' dir='ltr'>etjam</span> 
     </span>
     <span class='ocr_line' id='line_1_29' title="bbox 105 2433 869 2511; baseline 0.005 -22"><span class='ocrx_word' id='word_1_169' title='bbox 105 2433 157 2490; x_wconf 92' lang='lat' dir='ltr'>Bis</span> <span class='ocrx_word' id='word_1_170' title='bbox 172 2435 298 2492; x_wconf 92' lang='lat' dir='ltr'>medinm</span> <span class='ocrx_word' id='word_1_171' title='bbox 313 2434 448 2511; x_wconf 87' lang='lat' dir='ltr'>amplexi,</span> <span class='ocrx_word' id='word_1_172' title='bbox 463 2434 508 2493; x_wconf 92' lang='lat' dir='ltr'>bis</span> <span class='ocrx_word' id='word_1_173' title='bbox 522 2436 596 2493; x_wconf 94' lang='lat' dir='ltr'>collo</span> <span class='ocrx_word' id='word_1_174' title='bbox 611 2454 748 2510; x_wconf 89' lang='lat' dir='ltr'>squamea</span> <span class='ocrx_word' id='word_1_175' title='bbox 761 2433 869 2494; x_wconf 81' lang='lat' dir='ltr'>circdm</span> 
     </span>
     <span class='ocr_line' id='line_1_30' title="bbox 105 2510 844 2590; baseline 0.01 -23"><span class='ocrx_word' id='word_1_176' title='bbox 105 2510 201 2588; x_wconf 82' lang='lat' dir='ltr'>Terga</span> <span class='ocrx_word' id='word_1_177' title='bbox 215 2515 272 2572; x_wconf 86' lang='lat' dir='ltr'>dati</span> <span class='ocrx_word' id='word_1_178' title='bbox 274 2523 432 2590; x_wconf 88' lang='lat' dir='ltr'>,superant</span> <span class='ocrx_word' id='word_1_179' title='bbox 445 2515 538 2590; x_wconf 91' lang='lat' dir='ltr'>capite</span> <span class='ocrx_word' id='word_1_180' title='bbox 553 2524 582 2572; x_wconf 93' lang='lat' dir='ltr'>et</span> <span class='ocrx_word' id='word_1_181' title='bbox 595 2515 755 2574; x_wconf 89' lang='lat' dir='ltr'>cervicibus</span> <span class='ocrx_word' id='word_1_182' title='bbox 769 2516 844 2574; x_wconf 86' lang='lat' dir='ltr'>eltis</span> 
     </span>
     <span class='ocr_line' id='line_1_31' title="bbox 80 2589 776 2671; baseline 0.016 -28"><span class='ocrx_word' id='word_1_183' title='bbox 80 2636 83 2641; x_wconf 95' lang='lat'>.</span> <span class='ocrx_word' id='word_1_184' title='bbox 107 2589 160 2648; x_wconf 93' lang='lat' dir='ltr'>llle</span> <span class='ocrx_word' id='word_1_185' title='bbox 175 2592 259 2651; x_wconf 90' lang='lat' dir='ltr'>simul</span> <span class='ocrx_word' id='word_1_186' title='bbox 273 2593 404 2652; x_wconf 87' lang='lat' dir='ltr'>munibus</span> <span class='ocrx_word' id='word_1_187' title='bbox 418 2595 511 2653; x_wconf 90' lang='lat' dir='ltr'>tendit</span> <span class='ocrx_word' id='word_1_188' title='bbox 525 2593 662 2653; x_wconf 88' lang='lat' dir='ltr'>divellere</span> <span class='ocrx_word' id='word_1_189' title='bbox 675 2596 776 2671; x_wconf 89' lang='lat' dir='ltr'>nodos,</span> 
     </span>
     <span class='ocr_line' id='line_1_32' title="bbox 106 2669 711 2750; baseline 0.008 -24"><span class='ocrx_word' id='word_1_190' title='bbox 106 2669 243 2730; x_wconf 81' lang='lat' dir='ltr'>Perfusus</span> <span class='ocrx_word' id='word_1_191' title='bbox 257 2674 337 2731; x_wconf 86' lang='lat' dir='ltr'>sanie</span> <span class='ocrx_word' id='word_1_192' title='bbox 351 2674 435 2732; x_wconf 86' lang='lat' dir='ltr'>vittas</span> <span class='ocrx_word' id='word_1_193' title='bbox 450 2683 566 2750; x_wconf 89' lang='lat' dir='ltr'>atroque</span> <span class='ocrx_word' id='word_1_194' title='bbox 580 2693 711 2748; x_wconf 89' lang='lat' dir='ltr'>veneno;</span> 
     </span>
     <span class='ocr_line' id='line_1_33' title="bbox 105 2748 789 2811; baseline 0.006 -5"><span class='ocrx_word' id='word_1_195' title='bbox 105 2748 255 2811; x_wconf 86' lang='lat' dir='ltr'>Clamores</span> <span class='ocrx_word' id='word_1_196' title='bbox 270 2752 355 2811; x_wconf 92' lang='lat' dir='ltr'>simul</span> <span class='ocrx_word' id='word_1_197' title='bbox 369 2752 526 2811; x_wconf 87' lang='lat' dir='ltr'>horrendos</span> <span class='ocrx_word' id='word_1_198' title='bbox 541 2754 576 2811; x_wconf 86' lang='lat' dir='ltr'>ad</span> <span class='ocrx_word' id='word_1_199' title='bbox 590 2753 684 2811; x_wconf 88' lang='lat' dir='ltr'>sidera</span> <span class='ocrx_word' id='word_1_200' title='bbox 697 2752 789 2811; x_wconf 90' lang='lat' dir='ltr'>tollit:</span> 
     </span>
     <span class='ocr_line' id='line_1_34' title="bbox 107 2827 771 2924; baseline 0.002 -39"><span class='ocrx_word' id='word_1_201' title='bbox 107 2827 216 2899; x_wconf 77' lang='lat' dir='ltr'>Quales</span> <span class='ocrx_word' id='word_1_202' title='bbox 230 2832 365 2924; x_wconf 84' lang='lat' dir='ltr'>mugitus,</span> <span class='ocrx_word' id='word_1_203' title='bbox 380 2832 452 2906; x_wconf 85' lang='lat' dir='ltr'>sugit</span> <span class='ocrx_word' id='word_1_204' title='bbox 466 2851 554 2923; x_wconf 83' lang='lat' dir='ltr'>quum</span> <span class='ocrx_word' id='word_1_205' title='bbox 565 2832 679 2888; x_wconf 86' lang='lat' dir='ltr'>saucius</span> <span class='ocrx_word' id='word_1_206' title='bbox 693 2850 771 2887; x_wconf 88' lang='lat' dir='ltr'>aram</span> 
     </span>
     <span class='ocr_line' id='line_1_35' title="bbox 106 2906 838 2983; baseline -0.001 -19"><span class='ocrx_word' id='word_1_207' title='bbox 106 2906 228 2983; x_wconf 83' lang='lat' dir='ltr'>Taurus,</span> <span class='ocrx_word' id='word_1_208' title='bbox 243 2917 273 2967; x_wconf 87' lang='lat' dir='ltr'>ct</span> <span class='ocrx_word' id='word_1_209' title='bbox 285 2911 424 2967; x_wconf 87' lang='lat' dir='ltr'>incertam</span> <span class='ocrx_word' id='word_1_210' title='bbox 438 2911 566 2968; x_wconf 84' lang='lat' dir='ltr'>excussit</span> <span class='ocrx_word' id='word_1_211' title='bbox 579 2909 691 2966; x_wconf 82' lang='lat' dir='ltr'>cervice</span> <span class='ocrx_word' id='word_1_212' title='bbox 706 2906 838 2964; x_wconf 87' lang='lat' dir='ltr'>securim.</span> 
     </span>
     <span class='ocr_line' id='line_1_36' title="bbox 14 2985 824 3063; baseline 0.001 -20"><span class='ocrx_word' id='word_1_213' title='bbox 14 3016 19 3023; x_wconf 96' lang='lat'><em>·</em></span> <span class='ocrx_word' id='word_1_214' title='bbox 107 2988 146 3043; x_wconf 86' lang='lat' dir='ltr'>At</span> <span class='ocrx_word' id='word_1_215' title='bbox 159 2988 267 3061; x_wconf 82' lang='lat' dir='ltr'>gemini</span> <span class='ocrx_word' id='word_1_216' title='bbox 259 2988 363 3063; x_wconf 90' lang='lat' dir='ltr'>lapsu</span> <span class='ocrx_word' id='word_1_217' title='bbox 377 2986 496 3045; x_wconf 88' lang='lat' dir='ltr'>delubra</span> <span class='ocrx_word' id='word_1_218' title='bbox 510 2989 546 3045; x_wconf 87' lang='lat' dir='ltr'>ad</span> <span class='ocrx_word' id='word_1_219' title='bbox 559 3005 672 3047; x_wconf 88' lang='lat' dir='ltr'>summa</span> <span class='ocrx_word' id='word_1_220' title='bbox 685 2985 824 3044; x_wconf 84' lang='lat' dir='ltr'>dracones</span> 
     </span>
     <span class='ocr_line' id='line_1_37' title="bbox 106 3063 838 3142; baseline 0.003 -22"><span class='ocrx_word' id='word_1_221' title='bbox 106 3063 267 3139; x_wconf 85' lang='lat' dir='ltr'>Effugiant,</span> <span class='ocrx_word' id='word_1_222' title='bbox 283 3083 425 3140; x_wconf 82' lang='lat' dir='ltr'>saevaeque</span> <span class='ocrx_word' id='word_1_223' title='bbox 438 3073 618 3142; x_wconf 86' lang='lat' dir='ltr'>petuntt</span> <span class='ocrx_word' id='word_1_224' title='bbox 553 3065 618 3122; x_wconf 89' lang='lat' dir='ltr'>Trit</span> <span class='ocrx_word' id='word_1_225' title='bbox 618 3064 712 3121; x_wconf 90' lang='lat' dir='ltr'>onidis</span> <span class='ocrx_word' id='word_1_226' title='bbox 727 3082 838 3136; x_wconf 88' lang='lat' dir='ltr'>arcem;</span> 
     </span>
     <span class='ocr_line' id='line_1_38' title="bbox 107 3141 916 3237; baseline 0.004 -39"><span class='ocrx_word' id='word_1_227' title='bbox 107 3142 167 3198; x_wconf 87' lang='lat' dir='ltr'>Sub</span> <span class='ocrx_word' id='word_1_228' title='bbox 181 3142 362 3237; x_wconf 90' lang='lat' dir='ltr'>pedibusque</span> <span class='ocrx_word' id='word_1_229' title='bbox 376 3144 438 3200; x_wconf 78' lang='lat' dir='ltr'>dere</span> <span class='ocrx_word' id='word_1_230' title='bbox 453 3143 606 3220; x_wconf 88' lang='lat' dir='ltr'>clypeique</span> <span class='ocrx_word' id='word_1_231' title='bbox 620 3141 673 3200; x_wconf 92' lang='lat' dir='ltr'>sub</span> <span class='ocrx_word' id='word_1_232' title='bbox 688 3142 757 3200; x_wconf 91' lang='lat' dir='ltr'>orbe</span> <span class='ocrx_word' id='word_1_233' title='bbox 771 3148 916 3236; x_wconf 81' lang='lat' dir='ltr'>teguntur.</span> 
     </span>
     <span class='ocr_line' id='line_1_39' title="bbox 145 3218 967 3297; baseline 0.005 -19"><span class='ocrx_word' id='word_1_234' title='bbox 145 3221 221 3279; x_wconf 91' lang='lat' dir='ltr'>Tum</span> <span class='ocrx_word' id='word_1_235' title='bbox 236 3218 305 3278; x_wconf 80' lang='lat' dir='ltr'>verb</span> <span class='ocrx_word' id='word_1_236' title='bbox 319 3221 485 3279; x_wconf 85' lang='lat' dir='ltr'>tremefacta</span> <span class='ocrx_word' id='word_1_237' title='bbox 498 3241 589 3278; x_wconf 88' lang='lat' dir='ltr'>novus</span> <span class='ocrx_word' id='word_1_238' title='bbox 602 3240 654 3297; x_wconf 91' lang='lat' dir='ltr'>per</span> <span class='ocrx_word' id='word_1_239' title='bbox 667 3230 784 3297; x_wconf 87' lang='lat' dir='ltr'>pectora</span> <span class='ocrx_word' id='word_1_240' title='bbox 797 3220 908 3282; x_wconf 84' lang='lat' dir='ltr'>cunctis</span> <span class='ocrx_word' id='word_1_241' title='bbox 961 3254 967 3263; x_wconf 94' lang='lat'>·</span> 
     </span>
     <span class='ocr_line' id='line_1_40' title="bbox 106 3298 875 3393; baseline 0.001 -36"><span class='ocrx_word' id='word_1_242' title='bbox 106 3298 237 3358; x_wconf 85' lang='lat' dir='ltr'>insinuat</span> <span class='ocrx_word' id='word_1_243' title='bbox 248 3318 357 3376; x_wconf 81' lang='lat' dir='ltr'>pavor3</span> <span class='ocrx_word' id='word_1_244' title='bbox 378 3308 408 3357; x_wconf 90' lang='lat' dir='ltr'>et</span> <span class='ocrx_word' id='word_1_245' title='bbox 396 3300 515 3359; x_wconf 86' lang='lat' dir='ltr'>tscelus</span> <span class='ocrx_word' id='word_1_246' title='bbox 529 3300 702 3393; x_wconf 84' lang='lat' dir='ltr'>expendisse</span> <span class='ocrx_word' id='word_1_247' title='bbox 716 3309 875 3360; x_wconf 88' lang='lat' dir='ltr'>merentem</span> 
     </span>
     <span class='ocr_line' id='line_1_41' title="bbox 106 3378 810 3455; baseline 0.004 -21"><span class='ocrx_word' id='word_1_248' title='bbox 106 3380 271 3437; x_wconf 83' lang='lat' dir='ltr'>laocoonta</span> <span class='ocrx_word' id='word_1_249' title='bbox 284 3378 387 3454; x_wconf 89' lang='lat' dir='ltr'>ferunt,</span> <span class='ocrx_word' id='word_1_250' title='bbox 402 3397 513 3437; x_wconf 87' lang='lat' dir='ltr'>sacrum</span> <span class='ocrx_word' id='word_1_251' title='bbox 528 3398 576 3454; x_wconf 86' lang='lat' dir='ltr'>qur</span> <span class='ocrx_word' id='word_1_252' title='bbox 568 3379 709 3455; x_wconf 91' lang='lat' dir='ltr'>cuspide</span> <span class='ocrx_word' id='word_1_253' title='bbox 723 3379 810 3437; x_wconf 91' lang='lat' dir='ltr'>robur</span> 
     </span>
     <span class='ocr_line' id='line_1_42' title="bbox 106 3456 847 3535; baseline 0.003 -21"><span class='ocrx_word' id='word_1_254' title='bbox 106 3456 130 3513; x_wconf 87' lang='grc' dir='ltr'>Ι</span> <span class='ocrx_word' id='word_1_255' title='bbox 133 3458 236 3532; x_wconf 79' lang='lat' dir='ltr'>esent,</span> <span class='ocrx_word' id='word_1_256' title='bbox 251 3466 279 3515; x_wconf 90' lang='lat' dir='ltr'>et</span> <span class='ocrx_word' id='word_1_257' title='bbox 292 3465 335 3515; x_wconf 89' lang='lat' dir='ltr'>ter</span> <span class='ocrx_word' id='word_1_258' title='bbox 337 3478 373 3535; x_wconf 89' lang='lat' dir='ltr'>go</span> <span class='ocrx_word' id='word_1_259' title='bbox 387 3457 576 3516; x_wconf 88' lang='lat' dir='ltr'>sceleratam</span> <span class='ocrx_word' id='word_1_260' title='bbox 567 3458 711 3516; x_wconf 81' lang='lat' dir='ltr'>intorserit</span> <span class='ocrx_word' id='word_1_261' title='bbox 726 3458 847 3516; x_wconf 66' lang='lat' dir='ltr'>basum.</span> 
     </span>
     <span class='ocr_line' id='line_1_43' title="bbox 104 3479 905 3620; baseline 0.006 -28"><span class='ocrx_word' id='word_1_262' title='bbox 104 3536 280 3593; x_wconf 89' lang='lat' dir='ltr'>Ducendum</span> <span class='ocrx_word' id='word_1_263' title='bbox 295 3538 329 3594; x_wconf 89' lang='lat' dir='ltr'>ad</span> <span class='ocrx_word' id='word_1_264' title='bbox 337 3479 427 3596; x_wconf 81' lang='lat' dir='ltr'>gsedes</span> <span class='ocrx_word' id='word_1_265' title='bbox 441 3537 634 3613; x_wconf 87' lang='lat' dir='ltr'>simulacrum,</span> <span class='ocrx_word' id='word_1_266' title='bbox 649 3537 826 3620; x_wconf 86' lang='lat' dir='ltr'>orandaque</span> <span class='ocrx_word' id='word_1_267' title='bbox 826 3536 905 3597; x_wconf 75' lang='lat' dir='ltr'>dive</span> 
     </span>
     <span class='ocr_line' id='line_1_44' title="bbox 106 3615 448 3689; baseline 0.015 -19"><span class='ocrx_word' id='word_1_268' title='bbox 106 3615 245 3689; x_wconf 91' lang='lat' dir='ltr'>Numina,</span> <span class='ocrx_word' id='word_1_269' title='bbox 260 3616 448 3675; x_wconf 85' lang='lat' dir='ltr'>conclamant.</span> 
     </span>
     <span class='ocr_line' id='line_1_45' title="bbox 106 3692 823 3773; baseline 0.004 -24"><span class='ocrx_word' id='word_1_270' title='bbox 106 3692 271 3752; x_wconf 84' lang='lat' dir='ltr'>Dividimus</span> <span class='ocrx_word' id='word_1_271' title='bbox 284 3714 391 3773; x_wconf 86' lang='lat' dir='ltr'>muros,</span> <span class='ocrx_word' id='word_1_272' title='bbox 405 3703 435 3755; x_wconf 90' lang='lat' dir='ltr'>et</span> <span class='ocrx_word' id='word_1_273' title='bbox 448 3693 555 3754; x_wconf 89' lang='lat' dir='ltr'>moenia</span> <span class='ocrx_word' id='word_1_274' title='bbox 567 3695 719 3772; x_wconf 87' lang='lat' dir='ltr'>pandimus</span> <span class='ocrx_word' id='word_1_275' title='bbox 732 3693 823 3754; x_wconf 92' lang='lat' dir='ltr'>urbis</span> 
     </span>
    </p>
   </div>
   <div class='ocr_carea' id='block_1_4' title="bbox 0 0 1204 4178">
    <p class='ocr_par' dir='ltr' id='par_1_4' title="bbox 0 0 1204 4178">
     <span class='ocr_line' id='line_1_46' title="bbox 0 0 1204 4178; baseline 0 0"><span class='ocrx_word' id='word_1_276' title='bbox 0 0 1204 4178; x_wconf 95' lang='lat' dir='ltr'> </span> 
     </span>
    </p>
   </div>
  </div>
 </body>
</html>
