2370 4176
112 185 148 242 re
446 178 732 249 onoecrcoan'u

112 333 191 393 Nam
205 333 282 428 sepe
297 335 420 428 incautis
432 338 593 429 pastoribus
607 340 715 400 excidit
728 340 813 418 ignis,

61 439 64 446 ¹
114 411 175 484 Qui
187 413 284 472 surtrm
297 415 398 492 pingui
410 413 537 491 prrmrlm
551 418 604 475 sub
618 420 725 477 cortice
739 428 832 479 tectus

112 490 231 550 Robora
244 492 432 569 comprendit,
447 493 620 572 frondesque
634 496 748 573 elapsus
761 499 793 556 in
807 499 878 559 altas

113 568 265 646 Ingentem
279 570 352 628 cralo
365 571 491 630 sonitum
505 573 585 633 dedit
599 594 605 630 :
627 573 696 631 inde
709 585 826 635 secutus

111 647 170 705 Per
182 666 276 706 ramos
289 647 380 707 victor
392 667 501 726 perque
515 650 572 709 alta
584 652 735 710 cacumina
748 664 856 730 regnat,

111 724 153 784 Et
166 733 258 783 toturn
272 726 394 785 involvit
406 726 529 786 flammis
543 747 656 803 nemus,
672 738 701 787 et
714 731 772 790 ruit
784 740 873 791 atram

110 803 158 861 Ad
172 803 278 862 coelum
292 804 376 881 picei
390 823 501 863 crassus
515 805 638 882 caligine
653 806 780 882 nubem;

110 880 273 939 Praesertim
286 882 311 939 si
324 891 480 960 tempestas
493 886 631 943 avertice
645 884 725 943 silvis

112 958 257 1034 Incubuit,
272 959 468 1037 glomeratque
483 960 577 1019 serens
591 963 726 1020 incendia
738 972 851 1024 ventus.

110 1037 177 1094 Hoc
191 1037 251 1112 ubi,
267 1056 324 1095 non
339 1058 357 1096 a
370 1038 458 1116 stirpe
471 1038 578 1114 valent,
593 1059 734 1116 caesaque
749 1044 853 1102 reverti

110 1113 246 1190 Possunt,
261 1125 347 1191 atque
361 1117 419 1173 ima
433 1117 542 1175 similes
556 1118 730 1177 revirescere
744 1121 838 1178 terrd:

111 1191 217 1250 Infelix
231 1203 346 1286 superat
359 1194 435 1252 soliis
448 1195 570 1253 oleaster
584 1197 695 1254 amaris.

147 1271 179 1330 N
180 1290 213 1328 ec
228 1271 279 1330 tibi
294 1280 352 1328 tam
366 1273 493 1349 prudeus
507 1273 659 1350 quisquam
673 1276 847 1351 persuadeat
859 1285 959 1337 auctor

110 1347 259 1407 Tellurem
274 1350 369 1407 Borea
384 1350 504 1425 rigidam
519 1352 644 1428 spirante
659 1353 787 1410 moveri:

110 1426 190 1484 Rura
203 1427 270 1502 gelu
285 1436 349 1485 tum
364 1428 472 1486 claudit
485 1428 588 1503 hiems,
603 1449 657 1487 nec
672 1431 783 1488 semine
792 1433 872 1510 jacto

109 1505 281 1563 Concretam
293 1506 399 1582 patitur
413 1506 538 1563 radicem
553 1506 667 1582 affigere
681 1515 772 1565 terrae.

108 1581 226 1659 Optima
238 1583 343 1641 vinetis
357 1584 439 1656 satio,
453 1602 544 1659 quum
557 1602 625 1642 vere
640 1583 755 1645 rubenti

108 1660 241 1720 Candida
253 1661 333 1719 venit
347 1661 407 1718 avis
421 1660 514 1737 longis
527 1662 622 1720 invisa
634 1662 779 1738 colubris;

107 1739 205 1796 Prima
218 1738 265 1796 vel
280 1740 411 1798 autumni
424 1739 478 1797 sub
492 1740 606 1817 frigora,
620 1760 711 1818 quum
725 1741 843 1820 rapidus
857 1742 907 1801 Sol

108 1816 246 1875 Nondum
261 1816 389 1876 hiemem
404 1819 545 1894 contingit
558 1821 650 1896 equis,
661 1822 723 1898 jam
736 1821 863 1898 praeterit
876 1829 969 1883 restas,

146 1895 208 1953 Ver
222 1893 294 1953 oded
308 1896 402 1954 sroudi
416 1915 577 1972 nemorum,
592 1916 643 1955 ver
655 1898 726 1957 utile
740 1899 838 1957 silvis:

107 1972 185 2031 Vere
199 1981 314 2033 tument
326 1983 419 2049 terrm,
434 1983 464 2034 et
476 1975 612 2050 genitalia
624 1977 736 2034 semina
748 1985 889 2055 poscunt:

106 2049 183 2108 Turn
197 2061 279 2129 pater
292 2054 474 2130 omnipotens
487 2053 629 2112 soecuudis
642 2053 783 2113 imbribus
796 2055 903 2113 AEther

106 2129 247 2207 conjugis
260 2130 290 2187 in
305 2131 446 2206 gremium
461 2130 535 2187 laetae
550 2130 709 2206 descendit,
724 2140 753 2190 et
766 2151 867 2191 omnes

105 2207 232 2282 Magnus
248 2208 306 2283 alit,
322 2227 426 2284 magno
439 2209 616 2266 commixtus
629 2227 758 2287 corpore,
773 2210 877 2269 fretus:

105 2285 180 2342 Avia
193 2294 256 2343 tum
271 2294 405 2345 resonant
419 2285 518 2344 avibus
532 2286 656 2360 virgulta
669 2286 790 2362 canoris,

104 2362 146 2421 Et
159 2363 307 2421 Venerem
321 2363 405 2422 certis
419 2372 552 2440 repetunt
565 2373 693 2424 armenta
706 2364 808 2424 diebus
821 2385 827 2423 :

104 2440 229 2500 Parturit
242 2441 334 2499 almus
348 2459 415 2517 ager
427 2462 433 2499 :
456 2441 632 2519 zephyrique
646 2443 810 2521 tepentibus
824 2444 900 2503 auris

104 2521 218 2578 Laxant
231 2538 298 2578 arva
311 2519 408 2593 sinus;
431 2530 545 2597 superat
558 2529 640 2579 tener
652 2522 787 2581 omnibns
800 2522 923 2597 bumor;

104 2596 197 2673 inque
212 2616 302 2656 novos
315 2598 391 2657 soles
405 2599 512 2657 audent
525 2618 556 2658 se
570 2600 700 2675 gramina
712 2597 774 2659 tuto

103 2674 249 2749 Credere;
271 2695 326 2735 nec
340 2677 443 2736 metuit
456 2686 606 2754 surgentes
640 2679 774 2756 ampiuus
788 2687 907 2755 austros,

101 2753 163 2812 Aut
176 2763 271 2812 actum
285 2755 359 2815 coelo
372 2756 483 2833 magnis
498 2697 681 2834 aquilonibus
695 2756 835 2831 imbrem;
876 2814 879 2820 Δ

104 2833 162 2890 Sed
175 2833 264 2891 trudit
277 2853 416 2909 gemmas,
431 2842 460 2892 et
472 2834 588 2893 frondes
602 2834 728 2926 explicat
741 2853 852 2894 omnes.

141 2911 210 2970 Non
226 2910 296 2968 alios
309 2911 401 2988 prims
415 2913 569 2970 crescentis
583 2910 692 2987 origine
707 2912 808 2970 mundi

102 2986 238 3046 Illuxisse
252 2988 324 3062 dies,
339 2988 464 3046 aliumve
478 2986 615 3047 habuisse
629 2997 768 3063 tenorem,

102 3063 303 3122 Crediderim:
324 3082 376 3123 ver
388 3065 458 3124 illud
473 3075 543 3141 erat,
558 3084 609 3124 ver
621 3084 742 3143 magnus
757 3066 860 3143 agebat

102 3140 197 3216 Orbis,
212 3151 242 3200 et
253 3140 382 3201 bibernis
395 3142 551 3220 parcebant
563 3143 677 3202 flatibus
691 3144 774 3220 Euri,

103 3219 201 3290 Quum
216 3220 316 3298 primm
330 3220 425 3280 lucem
440 3220 567 3313 pecudes
582 3218 714 3297 hausere,
728 3221 882 3299 viriumque

101 3298 209 3356 Ferrea
220 3297 373 3375 progenies
387 3299 466 3357 durrs
482 3307 569 3376 caput
582 3292 784 3376 extulit'arvts,
891 3365 895 3372 ,

103 3375 302 3453 Immissaeque
315 3375 384 3434 lere
399 3376 488 3452 silvis,
502 3384 532 3435 et
545 3376 639 3435 sidera
652 3375 733 3436 coelo.

100 3453 132 3512 N
133 3472 167 3513 ec
181 3473 227 3513 res
239 3453 319 3514 hunc
332 3462 439 3513 tencre
452 3462 570 3531 possent
583 3454 708 3532 perferre
721 3454 860 3532 laborem,

102 3532 134 3591 si
148 3552 206 3591 non
220 3541 300 3592 tanta
312 3533 395 3610 quies
408 3533 463 3591 iret
476 3532 629 3608 frigusque·
637 3533 820 3612 caloremque

102 3609 190 3686 Inter,
206 3619 235 3670 et
248 3613 395 3689 exciperet
407 3610 472 3669 coeli
486 3609 665 3684 indulgentia
678 3619 775 3671 terras.
1021 3613 1079 3671 84¹⁵

141 3688 228 3761 Quod
242 3698 380 3769 superest,
395 3706 588 3767 quacumque
599 3706 715 3764 premes
727 3689 852 3768 virgulta
863 3705 916 3769 per
929 3706 1020 3766 agros,
