2400 4178
447 159 448 162 Ὺ
501 200 615 258 nrnnn
633 203 697 258 vn.

114 351 201 427 Hanc
215 369 349 430 operam;
366 369 408 420 'ne
421 360 518 411 noster
530 353 623 412 honos
636 353 791 413 infractave
805 356 889 417 cedat

111 432 206 508 Fama
218 432 281 490 loco
292 450 305 504 3*
321 451 378 489 neu
392 431 543 511 connubiis
557 433 665 491 ambire
678 433 813 492 Latinum

93 510 256 569 J'AEneadae
270 509 390 588 possint,
405 510 677 571 Italosve'obsidere
691 512 774 572 fines.

114 588 162 648 Tu
175 599 257 667 potes
270 587 421 648 untnimos
435 608 543 664 armare
557 591 588 649 in
600 591 702 669 proelia
713 591 822 669 iratres,

112 670 209 747 Atque
223 669 296 727 odiis
309 687 421 727 versare
435 670 536 728 domos
548 685 565 726 ε·
576 670 741 729 tnwerbera
753 673 837 731 tectis

113 748 319 826 Funereasque
333 747 437 806 inferre
450 748 546 807 faces:
568 749 621 806 tibi
634 750 753 808 nomina
765 751 854 828 mille,

112 827 197 886 Mille
210 828 334 886 nocendi
348 835 440 885 artes:
461 828 629 886 facundum
643 837 766 888 concute
778 839 892 908 pectus,

112 905 222 985 Disjice
236 905 423 985 compositam
436 926 547 983 pacem,
562 926 624 965 sere
639 908 758 965 crimina
771 908 859 967 belli:

115 987 201 1043 Arma
214 987 293 1061 velit,
308 993 466 1064 poscatque
480 985 573 1060 simul,
589 986 742 1062 rapiatque
745 989 892 1064 juventus.
909 1024 913 1030 ·

151 1065 230 1122 Exin
246 1065 405 1141 Gorgoneis
419 1064 533 1122 Allecto
547 1063 654 1122 insecta
666 1065 787 1135 venenis

111 1141 259 1220 Principio
274 1144 389 1202 Latium
403 1150 433 1200 et
446 1143 597 1201 Laurentis
611 1151 686 1202 tecta
698 1145 812 1221 tyranni

112 1221 199 1279 Celsa
211 1221 292 1299 petit
306 1223 482 1298 tacitumque
496 1222 608 1281 obsedit
620 1223 707 1281 limen
722 1224 855 1283 Amatae:

112 1300 208 1371 Quam
223 1321 309 1379 super
322 1302 447 1360 adventu
461 1301 617 1377 Teucrirm‚
632 1302 781 1378 Turnique
795 1303 964 1381 hymnicis,

110 1379 269 1439 Foemincae
285 1378 432 1441 ardentem
445 1400 579 1456 curaeque
593 1382 699 1458 iraeque
713 1382 882 1459 coquebant.

110 1459 189 1518 Huic
203 1461 258 1518 dea
270 1460 401 1524 caeruleis
416 1481 506 1519 unum
520 1460 556 1518 de
571 1460 697 1520 crinibus
712 1480 834 1538 anguem
933 1477 934 1484 ’

111 1538 246 1618 conjicit,
260 1540 348 1617 inque
362 1540 456 1599 sinum
470 1539 627 1618 praecordia
640 1541 676 1598 ad
690 1539 908 1617 intimo-subdit,

103 1618 178 1689 Quo
191 1618 345 1677 furibunda
358 1620 476 1678 domum
490 1628 616 1679 monstro
629 1621 801 1698 permisceat
814 1640 939 1680 omnem.

111 1697 165 1755 Ille
179 1697 253 1768 inter
265 1707 360 1757 vestes
374 1707 403 1757 et
416 1699 492 1757 levia
504 1708 620 1776 pectora
633 1701 730 1781 lapsus

109 1776 244 1835 Volvitur
257 1785 363 1836 attactu
377 1778 466 1854 nullo,
480 1778 609 1854 fallitque
623 1779 775 1855 furentem,

109 1854 267 1933 Vipeream
281 1857 422 1934 inspirans
436 1857 579 1915 animam:
601 1857 634 1916 fit
647 1858 741 1917 tortile
755 1857 845 1922 collo.

109 1935 221 1993 Aurum
234 1935 336 2012 ingens
350 1936 484 2010 coluber;
506 1937 539 1994 fit
552 1937 645 2012 longae
660 1937 747 1996 taenia
759 1937 848 2013 vitta,

109 2013 292 2091 Innectitque
306 2034 412 2089 comas,
427 2025 456 2075 et
469 2015 606 2075 membris
619 2016 745 2074 lubricus
760 2025 841 2075 errat.

108 2095 153 2152 Ao
167 2095 236 2152 dum
248 2095 341 2172 prima
354 2095 416 2168 lues
429 2097 488 2154 udo
502 2097 637 2173 sublapsa
651 2115 764 2154 veneno

108 2173 256 2233 Pertentat
269 2184 481 2253 sensus,'ntque
495 2175 606 2234 ossibus
620 2175 748 2253 implicat
761 2175 868 2251 ignem,
924 2213 927 2218 -

107 2253 244 2312 Necdum
259 2255 373 2313 animus
386 2262 446 2314 toto
459 2256 589 2333 percepit
601 2260 718 2333 pectore
732 2254 887 2329 flammam,

107 2329 238 2408 Molliris,
254 2341 283 2392 et
296 2334 378 2393 solito
392 2342 514 2392 matrum
529 2335 565 2392 de
578 2354 667 2409 more,
682 2334 846 2409 locutaest,

107 2411 205 2470 Multa
218 2431 249 2469 su
272 2431 302 2470 er
315 2413 382 2471 nati
396 2413 565 2489 lacrymans,
580 2411 963 2489 Phrygiisque-hymenaeis:

146 2432 344 2548 Exsulibusne
358 2490 439 2548 datur
453 2491 586 2549 ducenda
599 2491 720 2548 Lavinia
733 2491 863 2565 Teucris,

109 2567 134 2627 0
150 2568 282 2643 genitor?
303 2586 358 2626 nec
371 2575 400 2625 te
415 2568 531 2626 miseret
543 2577 686 2645 nataque,
699 2569 821 2645 tuique?

107 2646 139 2705 N
140 2666 174 2704 eo
189 2646 425 2721 matrismiseret,
439 2665 525 2722 quam
539 2647 632 2724 primo
646 2646 780 2722 aquilone
794 2647 937 2726 relinquet

107 2726 249 2800 Perfidus,
265 2725 321 2783 alta
333 2732 438 2802 petens
449 2725 573 2783 abducti
585 2725 706 2800 virgine,
719 2725 840 2802 praedo?

107 2806 147 2864 At
160 2825 218 2864 non
233 2804 274 2862 sic
287 2804 431 2880 Phrygius
444 2812 576 2882 penetrat
589 2804 800 2864 Lacedaemona
811 2813 922 2882 pastor,·

106 2886 302 2962 Ledaeamque
316 2883 462 2942 Helenam
476 2883 618 2962 Trojanas
631 2883 712 2941 vexit
725 2883 761 2942 ad
774 2883 882 2942 urbes?

108 2965 187 3036 Quid
201 2972 251 3023 tua
263 2973 362 3023 sancta
374 2963 456 3038 fides,
471 2963 541 3039 quid
555 2982 623 3021 eura
636 2963 752 3039 antiqua
764 2971 889 3039 tuorum,

107 3044 148 3104 Et
161 3044 374 3120 consanguineo
388 3044 472 3101 toties
486 3042 552 3101 data
564 3043 683 3101 dextera
695 3042 818 3100 Turno?

109 3123 140 3181 Si
154 3143 243 3200 gener
256 3123 376 3182 externi
388 3123 494 3200 petitur
503 3123 540 3180 de
553 3129 639 3198 gente
653 3120 773 3196 Latinis,

108 3203 200 3279 quue
214 3204 305 3279 sedet,
318 3202 469 3280 Faunique
482 3209 618 3279 premunt
630 3209 660 3260 te
669 3202 751 3279 jussa
762 3201 908 3278 parentis3
967 3217 969 3222 ’
1081 3260 1084 3271 ,

108 3281 234 3340 Omnem
248 3281 381 3358 equidem
395 3281 514 3358 sceptris
527 3289 630 3340 terram
644 3299 708 3357 quae
721 3279 812 3338 libera
824 3280 929 3341 nostris
955 3330 958 3338 .

107 3360 238 3419 Dissidet
251 3368 400 3428 externam
413 3379 485 3436 reor,
500 3359 583 3418 etsie
597 3359 692 3418 dicere
706 3359 796 3418 divos.

108 3440 151 3497 Et
163 3439 273 3515 Turno,
287 3439 312 3498 si
324 3438 416 3531 prima
428 3438 531 3502 domins
544 3445 686 3517 repetatur
698 3439 788 3515 origo,
879 3460 882 3467 ·

108 3517 236 3577 Inachus
248 3517 434 3594 Acrisiusque
446 3525 550 3596 patres,
564 3517 725 3595 mediaeque
738 3518 884 3594 Mycenae.
951 3542 955 3550 ·

148 3597 205 3656 His
217 3597 269 3656 ubi
281 3596 476 3674 nequidquam
489 3597 572 3656 dictis
585 3605 703 3674 experta
715 3596 850 3654 Latinum

109 3674 218 3737 Contrd
231 3683 306 3736 stare
318 3675 408 3754 videt,
421 3672 594 3755 penitiuque
606 3675 637 3734 in
649 3676 761 3735 viscera
772 3675 890 3752 lapsum
973 3722 976 3729 ,

268 3759 306 3815 17
316 3756 333 3789 ⁴*
