<?xml version="1.0" encoding="UTF-8"?>
<!DOCTYPE html PUBLIC "-//W3C//DTD XHTML 1.0 Transitional//EN"
    "http://www.w3.org/TR/xhtml1/DTD/xhtml1-transitional.dtd">
<html xmlns="http://www.w3.org/1999/xhtml" xml:lang="en" lang="en">
 <head>
  <title>
</title>
<meta http-equiv="Content-Type" content="text/html;charset=utf-8" />
  <meta name='ocr-system' content='tesseract 3.04.00' />
  <meta name='ocr-capabilities' content='ocr_page ocr_carea ocr_par ocr_line ocrx_word'/>
</head>
<body>
  <div class='ocr_page' id='page_1' title='image "./bucolicageorgic02virggoog/bucolicageorgic02virggoog_0209.png"; bbox 0 0 2400 4178; ppageno 0'>
   <div class='ocr_carea' id='block_1_1' title="bbox 108 198 697 259">
    <p class='ocr_par' dir='ltr' id='par_1_1' title="bbox 108 198 697 259">
     <span class='ocr_line' id='line_1_1' title="bbox 108 198 697 259; baseline 0.008 -11"><span class='ocrx_word' id='word_1_1' title='bbox 108 200 163 259; x_wconf 69' lang='lat'><strong>200</strong></span> <span class='ocrx_word' id='word_1_2' title='bbox 515 198 697 255; x_wconf 76' lang='lat' dir='ltr'>AENEIDOS</span> 
     </span>
    </p>
   </div>
   <div class='ocr_carea' id='block_1_2' title="bbox 103 346 1099 3784">
    <p class='ocr_par' dir='ltr' id='par_1_2' title="bbox 110 346 811 426">
     <span class='ocr_line' id='line_1_2' title="bbox 110 346 811 426; baseline -0.004 -17"><span class='ocrx_word' id='word_1_3' title='bbox 110 349 238 409; x_wconf 81' lang='lat' dir='ltr'><strong>Massica</strong></span> <span class='ocrx_word' id='word_1_4' title='bbox 251 347 300 426; x_wconf 94' lang='lat' dir='ltr'><strong>qui</strong></span> <span class='ocrx_word' id='word_1_5' title='bbox 314 346 419 422; x_wconf 75' lang='lat' dir='ltr'><strong>nstris,</strong></span> <span class='ocrx_word' id='word_1_6' title='bbox 433 356 462 404; x_wconf 88' lang='lat' dir='ltr'><strong>et</strong></span> <span class='ocrx_word' id='word_1_7' title='bbox 476 366 548 422; x_wconf 86' lang='lat' dir='ltr'><strong>quos</strong></span> <span class='ocrx_word' id='word_1_8' title='bbox 562 348 598 403; x_wconf 94' lang='lat' dir='ltr'><strong>dc</strong></span> <span class='ocrx_word' id='word_1_9' title='bbox 612 346 733 405; x_wconf 88' lang='lat' dir='ltr'><strong>collibus</strong></span> <span class='ocrx_word' id='word_1_10' title='bbox 747 348 811 407; x_wconf 86' lang='lat' dir='ltr'><strong>altis</strong></span> 
     </span>
    </p>

    <p class='ocr_par' dir='ltr' id='par_1_3' title="bbox 110 424 774 503">
     <span class='ocr_line' id='line_1_3' title="bbox 110 424 774 503; baseline -0.003 -18"><span class='ocrx_word' id='word_1_11' title='bbox 110 428 240 485; x_wconf 84' lang='lat' dir='ltr'><strong>Aurunci</strong></span> <span class='ocrx_word' id='word_1_12' title='bbox 255 425 360 483; x_wconf 68' lang='lat' dir='ltr'><strong>misere</strong></span> <span class='ocrx_word' id='word_1_13' title='bbox 373 434 477 502; x_wconf 89' lang='lat' dir='ltr'><strong>patres,</strong></span> <span class='ocrx_word' id='word_1_14' title='bbox 494 427 678 502; x_wconf 78' lang='lat' dir='ltr'><strong>Sidicinaque</strong></span> <span class='ocrx_word' id='word_1_15' title='bbox 688 424 774 503; x_wconf 73' lang='lat' dir='ltr'><strong>juxti</strong></span> 
     </span>
    </p>

    <p class='ocr_par' dir='ltr' id='par_1_4' title="bbox 110 503 904 582">
     <span class='ocr_line' id='line_1_4' title="bbox 110 503 904 582; baseline 0.003 -19"><span class='ocrx_word' id='word_1_16' title='bbox 110 506 250 582; x_wconf 86' lang='lat' dir='ltr'><strong>AEquora,</strong></span> <span class='ocrx_word' id='word_1_17' title='bbox 265 504 373 580; x_wconf 90' lang='lat' dir='ltr'><strong>quique</strong></span> <span class='ocrx_word' id='word_1_18' title='bbox 387 503 474 561; x_wconf 86' lang='lat' dir='ltr'><strong>Cales</strong></span> <span class='ocrx_word' id='word_1_19' title='bbox 488 504 630 579; x_wconf 84' lang='lat' dir='ltr'><strong>linquunt,</strong></span> <span class='ocrx_word' id='word_1_20' title='bbox 642 505 790 581; x_wconf 87' lang='lat' dir='ltr'><strong>amnisque</strong></span> <span class='ocrx_word' id='word_1_21' title='bbox 803 505 904 565; x_wconf 81' lang='lat' dir='ltr'><strong>vadosi</strong></span> 
     </span>
    </p>

    <p class='ocr_par' dir='ltr' id='par_1_5' title="bbox 110 580 820 659">
     <span class='ocr_line' id='line_1_5' title="bbox 110 580 820 659; baseline -0.001 -18"><span class='ocrx_word' id='word_1_22' title='bbox 110 584 219 643; x_wconf 79' lang='lat' dir='ltr'><strong>Accola</strong></span> <span class='ocrx_word' id='word_1_23' title='bbox 232 582 378 655; x_wconf 79' lang='lat' dir='ltr'>Vulturni,</span> <span class='ocrx_word' id='word_1_24' title='bbox 392 583 553 658; x_wconf 85' lang='lat' dir='ltr'><strong>pariterque</strong></span> <span class='ocrx_word' id='word_1_25' title='bbox 569 580 714 639; x_wconf 74' lang='lat' dir='ltr'><strong>Saticulus</strong></span> <span class='ocrx_word' id='word_1_26' title='bbox 728 602 820 659; x_wconf 86' lang='lat' dir='ltr'><strong>asper,</strong></span> 
     </span>
    </p>

    <p class='ocr_par' dir='ltr' id='par_1_6' title="bbox 111 659 1099 815">
     <span class='ocr_line' id='line_1_6' title="bbox 111 659 1099 737; baseline 0.002 -18"><span class='ocrx_word' id='word_1_27' title='bbox 111 660 308 736; x_wconf 75' lang='lat' dir='ltr'><strong>Oscorumque</strong></span> <span class='ocrx_word' id='word_1_28' title='bbox 322 678 432 717; x_wconf 89' lang='lat' dir='ltr'><strong>manus.</strong></span> <span class='ocrx_word' id='word_1_29' title='bbox 477 659 600 715; x_wconf 79' lang='lat' dir='ltr'>Teretes</span> <span class='ocrx_word' id='word_1_30' title='bbox 613 667 681 716; x_wconf 91' lang='lat' dir='ltr'><strong>sunt</strong></span> <span class='ocrx_word' id='word_1_31' title='bbox 694 660 811 737; x_wconf 85' lang='lat' dir='ltr'><strong>aclydes</strong></span> <span class='ocrx_word' id='word_1_32' title='bbox 822 661 879 721; x_wconf 85' lang='lat' dir='ltr'><strong>illis</strong></span> <span class='ocrx_word' id='word_1_33' title='bbox 1035 671 1099 727; x_wconf 66' lang='lat' dir='ltr'><strong>&#39;m</strong></span> 
     </span>
     <span class='ocr_line' id='line_1_7' title="bbox 111 737 820 815; baseline 0.001 -20"><span class='ocrx_word' id='word_1_34' title='bbox 111 738 193 815; x_wconf 81' lang='lat' dir='ltr'><strong>Tela,</strong></span> <span class='ocrx_word' id='word_1_35' title='bbox 208 738 259 796; x_wconf 92' lang='lat' dir='ltr'><strong>sed</strong></span> <span class='ocrx_word' id='word_1_36' title='bbox 273 737 336 795; x_wconf 83' lang='lat' dir='ltr'><strong>haec</strong></span> <span class='ocrx_word' id='word_1_37' title='bbox 352 738 430 794; x_wconf 91' lang='lat' dir='ltr'><strong>lento</strong></span> <span class='ocrx_word' id='word_1_38' title='bbox 445 757 506 794; x_wconf 90' lang='lat' dir='ltr'><strong>mos</strong></span> <span class='ocrx_word' id='word_1_39' title='bbox 521 747 564 794; x_wconf 83' lang='lat' dir='ltr'><strong>est</strong></span> <span class='ocrx_word' id='word_1_40' title='bbox 578 746 674 814; x_wconf 86' lang='lat' dir='ltr'><strong>aptarc</strong></span> <span class='ocrx_word' id='word_1_41' title='bbox 687 737 820 813; x_wconf 77' lang='lat' dir='ltr'><strong>llagell03</strong></span> 
     </span>
    </p>

    <p class='ocr_par' dir='ltr' id='par_1_7' title="bbox 109 815 813 891">
     <span class='ocr_line' id='line_1_8' title="bbox 109 815 813 891; baseline 0.001 -17"><span class='ocrx_word' id='word_1_42' title='bbox 109 816 214 874; x_wconf 82' lang='lat' dir='ltr'><strong>Laevss</strong></span> <span class='ocrx_word' id='word_1_43' title='bbox 224 824 313 875; x_wconf 64' lang='lat' dir='ltr'><strong>em</strong></span> <span class='ocrx_word' id='word_1_44' title='bbox 325 816 413 891; x_wconf 87' lang='lat' dir='ltr'><strong>tegit;</strong></span> <span class='ocrx_word' id='word_1_45' title='bbox 435 815 529 873; x_wconf 80' lang='lat' dir='ltr'><strong>falcati</strong></span> <span class='ocrx_word' id='word_1_46' title='bbox 543 816 704 872; x_wconf 89' lang='lat' dir='ltr'><strong>cornminus</strong></span> <span class='ocrx_word' id='word_1_47' title='bbox 718 835 813 875; x_wconf 86' lang='lat' dir='ltr'><strong>enses.</strong></span> 
     </span>
    </p>

    <p class='ocr_par' dir='ltr' id='par_1_8' title="bbox 108 893 1099 1751">
     <span class='ocr_line' id='line_1_9' title="bbox 149 893 820 970; baseline 0 -18"><span class='ocrx_word' id='word_1_48' title='bbox 149 894 214 952; x_wconf 85' lang='lat' dir='ltr'><strong>Nec</strong></span> <span class='ocrx_word' id='word_1_49' title='bbox 228 903 259 952; x_wconf 93' lang='lat' dir='ltr'><strong>tu</strong></span> <span class='ocrx_word' id='word_1_50' title='bbox 274 894 448 952; x_wconf 72' lang='lat' dir='ltr'><strong>carminibus</strong></span> <span class='ocrx_word' id='word_1_51' title='bbox 463 895 566 950; x_wconf 84' lang='lat' dir='ltr'><strong>nostris</strong></span> <span class='ocrx_word' id='word_1_52' title='bbox 582 894 705 951; x_wconf 88' lang='lat' dir='ltr'><strong>indictus</strong></span> <span class='ocrx_word' id='word_1_53' title='bbox 719 893 820 970; x_wconf 81' lang='lat' dir='ltr'><strong>abibis,</strong></span> 
     </span>
     <span class='ocr_line' id='line_1_10' title="bbox 111 971 919 1051; baseline 0.004 -21"><span class='ocrx_word' id='word_1_54' title='bbox 111 971 227 1044; x_wconf 87' lang='lat' dir='ltr'><strong>OEbale,</strong></span> <span class='ocrx_word' id='word_1_55' title='bbox 261 990 328 1030; x_wconf 92' lang='lat' dir='ltr'><strong>uem</strong></span> <span class='ocrx_word' id='word_1_56' title='bbox 342 975 495 1049; x_wconf 75' lang='lat' dir='ltr'><strong>generasse</strong></span> <span class='ocrx_word' id='word_1_57' title='bbox 509 972 602 1029; x_wconf 90' lang='lat' dir='ltr'>Telon</span> <span class='ocrx_word' id='word_1_58' title='bbox 619 971 776 1030; x_wconf 81' lang='lat' dir='ltr'>Sebethide</span> <span class='ocrx_word' id='word_1_59' title='bbox 789 972 919 1051; x_wconf 62' lang='lat' dir='ltr'><strong>nymph&amp;</strong></span> 
     </span>
     <span class='ocr_line' id='line_1_11' title="bbox 109 992 1096 1126; baseline 0.004 -19"><span class='ocrx_word' id='word_1_60' title='bbox 109 1049 221 1125; x_wconf 85' lang='lat' dir='ltr'><strong>Fertur,</strong></span> <span class='ocrx_word' id='word_1_61' title='bbox 236 992 397 1108; x_wconf 64' lang='lat' dir='ltr'><strong>&#39;ielebosim</strong></span> <span class='ocrx_word' id='word_1_62' title='bbox 413 1051 539 1126; x_wconf 87' lang='lat' dir='ltr'><strong>Capreas</strong></span> <span class='ocrx_word' id='word_1_63' title='bbox 553 1069 642 1126; x_wconf 91' lang='lat' dir='ltr'><strong>quum</strong></span> <span class='ocrx_word' id='word_1_64' title='bbox 656 1069 745 1125; x_wconf 89' lang='lat' dir='ltr'><strong>regna</strong></span> <span class='ocrx_word' id='word_1_65' title='bbox 757 1059 869 1111; x_wconf 82' lang='lat' dir='ltr'><strong>teneret</strong></span> <span class='ocrx_word' id='word_1_66' title='bbox 1034 1060 1096 1115; x_wconf 77' lang='lat'><strong>&#39;135</strong></span> 
     </span>
     <span class='ocr_line' id='line_1_12' title="bbox 108 1127 777 1205; baseline 0.003 -22"><span class='ocrx_word' id='word_1_67' title='bbox 108 1127 172 1184; x_wconf 85' lang='lat' dir='ltr'><strong>lam</strong></span> <span class='ocrx_word' id='word_1_68' title='bbox 187 1127 298 1201; x_wconf 90' lang='lat' dir='ltr'><strong>senior;</strong></span> <span class='ocrx_word' id='word_1_69' title='bbox 319 1129 417 1205; x_wconf 84' lang='lat' dir='ltr'><strong>patriis</strong></span> <span class='ocrx_word' id='word_1_70' title='bbox 431 1130 482 1185; x_wconf 88' lang='lat' dir='ltr'><strong>sed</strong></span> <span class='ocrx_word' id='word_1_71' title='bbox 496 1148 554 1185; x_wconf 90' lang='lat' dir='ltr'><strong>non</strong></span> <span class='ocrx_word' id='word_1_72' title='bbox 569 1138 597 1185; x_wconf 93' lang='lat' dir='ltr'><strong>et</strong></span> <span class='ocrx_word' id='word_1_73' title='bbox 611 1128 688 1187; x_wconf 85' lang='lat' dir='ltr'><strong>lilius</strong></span> <span class='ocrx_word' id='word_1_74' title='bbox 702 1128 777 1186; x_wconf 89' lang='lat' dir='ltr'><strong>arvis</strong></span> 
     </span>
     <span class='ocr_line' id='line_1_13' title="bbox 109 1205 782 1285; baseline 0.003 -22"><span class='ocrx_word' id='word_1_75' title='bbox 109 1205 279 1281; x_wconf 83' lang='lat' dir='ltr'><strong>Contentus,</strong></span> <span class='ocrx_word' id='word_1_76' title='bbox 296 1205 351 1263; x_wconf 78' lang='lat' dir='ltr'><strong>lato</strong></span> <span class='ocrx_word' id='word_1_77' title='bbox 362 1209 423 1285; x_wconf 86' lang='lat' dir='ltr'><strong>jam</strong></span> <span class='ocrx_word' id='word_1_78' title='bbox 438 1215 497 1263; x_wconf 88' lang='lat' dir='ltr'><strong>tum</strong></span> <span class='ocrx_word' id='word_1_79' title='bbox 512 1207 620 1263; x_wconf 89' lang='lat' dir='ltr'><strong>ditione</strong></span> <span class='ocrx_word' id='word_1_80' title='bbox 634 1206 782 1283; x_wconf 89' lang='lat' dir='ltr'><strong>premebat</strong></span> 
     </span>
     <span class='ocr_line' id='line_1_14' title="bbox 110 1283 861 1362; baseline 0.001 -21"><span class='ocrx_word' id='word_1_81' title='bbox 110 1283 252 1343; x_wconf 72' lang='lat' dir='ltr'><strong>Sarrastes</strong></span> <span class='ocrx_word' id='word_1_82' title='bbox 264 1284 395 1362; x_wconf 90' lang='lat' dir='ltr'><strong>populos,</strong></span> <span class='ocrx_word' id='word_1_83' title='bbox 410 1294 439 1341; x_wconf 90' lang='lat' dir='ltr'><strong>et</strong></span> <span class='ocrx_word' id='word_1_84' title='bbox 453 1304 518 1361; x_wconf 80' lang='lat' dir='ltr'><strong>quae</strong></span> <span class='ocrx_word' id='word_1_85' title='bbox 532 1285 603 1359; x_wconf 86' lang='lat' dir='ltr'><strong>rigat</strong></span> <span class='ocrx_word' id='word_1_86' title='bbox 617 1304 731 1360; x_wconf 78' lang='lat' dir='ltr'><strong>aequora</strong></span> <span class='ocrx_word' id='word_1_87' title='bbox 746 1285 861 1361; x_wconf 86' lang='lat' dir='ltr'><strong>Sarnus,</strong></span> 
     </span>
     <span class='ocr_line' id='line_1_15' title="bbox 110 1364 1040 1444; baseline 0.006 -25"><span class='ocrx_word' id='word_1_88' title='bbox 110 1364 228 1439; x_wconf 80' lang='lat' dir='ltr'><strong>Quique</strong></span> <span class='ocrx_word' id='word_1_89' title='bbox 242 1364 357 1438; x_wconf 78' lang='lat' dir='ltr'><strong>Rufras,</strong></span> <span class='ocrx_word' id='word_1_90' title='bbox 372 1364 564 1439; x_wconf 80' lang='lat' dir='ltr'><strong>Batulumque</strong></span> <span class='ocrx_word' id='word_1_91' title='bbox 580 1374 688 1437; x_wconf 87' lang='lat' dir='ltr'><strong>tenent,</strong></span> <span class='ocrx_word' id='word_1_92' title='bbox 704 1374 787 1439; x_wconf 89' lang='lat' dir='ltr'><strong>atque</strong></span> <span class='ocrx_word' id='word_1_93' title='bbox 803 1384 870 1423; x_wconf 78' lang='lat' dir='ltr'><strong>arva</strong></span> <span class='ocrx_word' id='word_1_94' title='bbox 882 1365 1040 1444; x_wconf 73' lang='lat' dir='ltr'><strong>Celennae,</strong></span> 
     </span>
     <span class='ocr_line' id='line_1_16' title="bbox 112 1441 1099 1518; baseline 0.002 -21"><span class='ocrx_word' id='word_1_95' title='bbox 112 1442 151 1498; x_wconf 86' lang='lat' dir='ltr'><strong>Et</strong></span> <span class='ocrx_word' id='word_1_96' title='bbox 165 1462 235 1517; x_wconf 92' lang='lat' dir='ltr'><strong>quos</strong></span> <span class='ocrx_word' id='word_1_97' title='bbox 249 1442 384 1499; x_wconf 86' lang='lat' dir='ltr'><strong>maliserae</strong></span> <span class='ocrx_word' id='word_1_98' title='bbox 400 1443 567 1518; x_wconf 78' lang='lat' dir='ltr'><strong>despectant</strong></span> <span class='ocrx_word' id='word_1_99' title='bbox 581 1443 687 1498; x_wconf 87' lang='lat' dir='ltr'><strong>moenia</strong></span> <span class='ocrx_word' id='word_1_100' title='bbox 701 1441 830 1499; x_wconf 82' lang='lat' dir='ltr'><strong>Abellae:</strong></span> <span class='ocrx_word' id='word_1_101' title='bbox 1035 1451 1099 1506; x_wconf 80' lang='grc'><strong>740</strong></span> 
     </span>
     <span class='ocr_line' id='line_1_17' title="bbox 110 1518 711 1596; baseline 0.003 -21"><span class='ocrx_word' id='word_1_102' title='bbox 110 1518 271 1577; x_wconf 88' lang='lat' dir='ltr'><strong>Teutonico</strong></span> <span class='ocrx_word' id='word_1_103' title='bbox 285 1521 338 1578; x_wconf 88' lang='lat' dir='ltr'><strong>ritu</strong></span> <span class='ocrx_word' id='word_1_104' title='bbox 353 1520 428 1578; x_wconf 91' lang='lat' dir='ltr'><strong>soliti</strong></span> <span class='ocrx_word' id='word_1_105' title='bbox 443 1532 574 1596; x_wconf 90' lang='lat' dir='ltr'><strong>torquere</strong></span> <span class='ocrx_word' id='word_1_106' title='bbox 589 1522 711 1590; x_wconf 77' lang='lat' dir='ltr'><strong>cateias3</strong></span> 
     </span>
     <span class='ocr_line' id='line_1_18' title="bbox 110 1597 900 1674; baseline 0.006 -21"><span class='ocrx_word' id='word_1_107' title='bbox 110 1597 254 1671; x_wconf 79' lang='lat' dir='ltr'><strong>Tegmina</strong></span> <span class='ocrx_word' id='word_1_108' title='bbox 267 1598 349 1674; x_wconf 90' lang='lat' dir='ltr'><strong>queis</strong></span> <span class='ocrx_word' id='word_1_109' title='bbox 364 1599 489 1673; x_wconf 87' lang='lat' dir='ltr'><strong>capitum</strong></span> <span class='ocrx_word' id='word_1_110' title='bbox 504 1607 600 1673; x_wconf 88' lang='lat' dir='ltr'><strong>raptus</strong></span> <span class='ocrx_word' id='word_1_111' title='bbox 615 1597 651 1654; x_wconf 92' lang='lat' dir='ltr'><strong>de</strong></span> <span class='ocrx_word' id='word_1_112' title='bbox 665 1597 768 1655; x_wconf 88' lang='lat' dir='ltr'><strong>subere</strong></span> <span class='ocrx_word' id='word_1_113' title='bbox 782 1607 900 1672; x_wconf 59' lang='lat' dir='ltr'><strong>corten</strong></span> 
     </span>
     <span class='ocr_line' id='line_1_19' title="bbox 110 1674 811 1751; baseline 0.006 -21"><span class='ocrx_word' id='word_1_114' title='bbox 110 1674 274 1751; x_wconf 82' lang='lat' dir='ltr'><strong>AErataeque</strong></span> <span class='ocrx_word' id='word_1_115' title='bbox 288 1676 395 1732; x_wconf 88' lang='lat' dir='ltr'><strong>micant</strong></span> <span class='ocrx_word' id='word_1_116' title='bbox 408 1677 505 1751; x_wconf 81' lang='lat' dir='ltr'><strong>peltae,</strong></span> <span class='ocrx_word' id='word_1_117' title='bbox 520 1677 608 1732; x_wconf 89' lang='lat' dir='ltr'><strong>micat</strong></span> <span class='ocrx_word' id='word_1_118' title='bbox 621 1694 713 1734; x_wconf 76' lang='lat' dir='ltr'><strong>aereus</strong></span> <span class='ocrx_word' id='word_1_119' title='bbox 726 1677 811 1734; x_wconf 89' lang='lat' dir='ltr'><strong>ensis.</strong></span> 
     </span>
    </p>

    <p class='ocr_par' dir='ltr' id='par_1_9' title="bbox 149 1752 787 1830">
     <span class='ocr_line' id='line_1_20' title="bbox 149 1752 787 1830; baseline 0.003 -20"><span class='ocrx_word' id='word_1_120' title='bbox 149 1753 189 1810; x_wconf 88' lang='lat' dir='ltr'><strong>Et</strong></span> <span class='ocrx_word' id='word_1_121' title='bbox 202 1764 232 1811; x_wconf 90' lang='lat' dir='ltr'><strong>te</strong></span> <span class='ocrx_word' id='word_1_122' title='bbox 247 1761 386 1811; x_wconf 71' lang='lat' dir='ltr'><strong>montosa</strong></span> <span class='ocrx_word' id='word_1_123' title='bbox 400 1752 505 1811; x_wconf 70' lang='lat' dir='ltr'><strong>misere</strong></span> <span class='ocrx_word' id='word_1_124' title='bbox 518 1755 548 1810; x_wconf 94' lang='lat' dir='ltr'><strong>in</strong></span> <span class='ocrx_word' id='word_1_125' title='bbox 563 1754 663 1830; x_wconf 87' lang='lat' dir='ltr'><strong>proelia</strong></span> <span class='ocrx_word' id='word_1_126' title='bbox 675 1755 787 1830; x_wconf 80' lang='lat' dir='ltr'><strong>Nersae,</strong></span> 
     </span>
    </p>

    <p class='ocr_par' dir='ltr' id='par_1_10' title="bbox 108 1830 835 2223">
     <span class='ocr_line' id='line_1_21' title="bbox 109 1830 766 1908; baseline -0.002 -18"><span class='ocrx_word' id='word_1_127' title='bbox 109 1830 213 1905; x_wconf 80' lang='lat' dir='ltr'><strong>Ufens,</strong></span> <span class='ocrx_word' id='word_1_128' title='bbox 227 1832 370 1908; x_wconf 77' lang='lat' dir='ltr'><strong>insignem</strong></span> <span class='ocrx_word' id='word_1_129' title='bbox 384 1831 458 1889; x_wconf 77' lang='lat' dir='ltr'><strong>lami</strong></span> <span class='ocrx_word' id='word_1_130' title='bbox 473 1841 503 1890; x_wconf 89' lang='lat' dir='ltr'><strong>et</strong></span> <span class='ocrx_word' id='word_1_131' title='bbox 516 1832 649 1890; x_wconf 84' lang='lat' dir='ltr'><strong>felicibus</strong></span> <span class='ocrx_word' id='word_1_132' title='bbox 664 1834 766 1906; x_wconf 88' lang='lat' dir='ltr'><strong>armis;</strong></span> 
     </span>
     <span class='ocr_line' id='line_1_22' title="bbox 110 1908 835 1988; baseline 0.004 -23"><span class='ocrx_word' id='word_1_133' title='bbox 110 1909 235 1968; x_wconf 79' lang='lat' dir='ltr'><strong>Horrida</strong></span> <span class='ocrx_word' id='word_1_134' title='bbox 247 1908 393 1988; x_wconf 79' lang='lat' dir='ltr'><strong>praecipud</strong></span> <span class='ocrx_word' id='word_1_135' title='bbox 408 1912 454 1968; x_wconf 92' lang='lat' dir='ltr'><strong>cui</strong></span> <span class='ocrx_word' id='word_1_136' title='bbox 469 1930 548 1984; x_wconf 83' lang='lat' dir='ltr'><strong>gens,</strong></span> <span class='ocrx_word' id='word_1_137' title='bbox 564 1920 732 1987; x_wconf 90' lang='lat' dir='ltr'><strong>assuetaque</strong></span> <span class='ocrx_word' id='word_1_138' title='bbox 747 1911 835 1969; x_wconf 89' lang='lat' dir='ltr'><strong>multo</strong></span> 
     </span>
     <span class='ocr_line' id='line_1_23' title="bbox 109 1986 785 2064; baseline 0.004 -21"><span class='ocrx_word' id='word_1_139' title='bbox 109 1986 225 2046; x_wconf 86' lang='lat' dir='ltr'><strong>Venatu</strong></span> <span class='ocrx_word' id='word_1_140' title='bbox 239 2008 401 2064; x_wconf 90' lang='lat' dir='ltr'><strong>nemorum,</strong></span> <span class='ocrx_word' id='word_1_141' title='bbox 417 1990 494 2047; x_wconf 89' lang='lat' dir='ltr'><strong>duris</strong></span> <span class='ocrx_word' id='word_1_142' title='bbox 508 1989 662 2064; x_wconf 81' lang='lat' dir='ltr'><strong>AEquicula</strong></span> <span class='ocrx_word' id='word_1_143' title='bbox 675 1990 785 2064; x_wconf 85' lang='lat' dir='ltr'><strong>glebis:</strong></span> 
     </span>
     <span class='ocr_line' id='line_1_24' title="bbox 109 2066 828 2143; baseline 0.004 -21"><span class='ocrx_word' id='word_1_144' title='bbox 109 2066 220 2125; x_wconf 83' lang='lat' dir='ltr'><strong>Armati</strong></span> <span class='ocrx_word' id='word_1_145' title='bbox 234 2075 336 2124; x_wconf 86' lang='lat' dir='ltr'><strong>terram</strong></span> <span class='ocrx_word' id='word_1_146' title='bbox 351 2077 497 2141; x_wconf 85' lang='lat' dir='ltr'><strong>exercent,</strong></span> <span class='ocrx_word' id='word_1_147' title='bbox 512 2086 684 2143; x_wconf 87' lang='lat' dir='ltr'><strong>semperque</strong></span> <span class='ocrx_word' id='word_1_148' title='bbox 698 2075 828 2125; x_wconf 73' lang='lat' dir='ltr'><strong>recentes</strong></span> 
     </span>
     <span class='ocr_line' id='line_1_25' title="bbox 108 2141 768 2223; baseline -0.002 -21"><span class='ocrx_word' id='word_1_149' title='bbox 108 2141 287 2203; x_wconf 77' lang='lat' dir='ltr'><strong>Consectare</strong></span> <span class='ocrx_word' id='word_1_150' title='bbox 296 2147 379 2223; x_wconf 88' lang='lat' dir='ltr'><strong>juvat</strong></span> <span class='ocrx_word' id='word_1_151' title='bbox 393 2146 513 2219; x_wconf 79' lang='lat' dir='ltr'><strong>predas,</strong></span> <span class='ocrx_word' id='word_1_152' title='bbox 527 2153 556 2202; x_wconf 90' lang='lat' dir='ltr'><strong>et</strong></span> <span class='ocrx_word' id='word_1_153' title='bbox 569 2146 666 2202; x_wconf 84' lang='lat' dir='ltr'><strong>vivere</strong></span> <span class='ocrx_word' id='word_1_154' title='bbox 681 2155 768 2220; x_wconf 89' lang='lat' dir='ltr'><strong>rapto.</strong></span> 
     </span>
    </p>

    <p class='ocr_par' dir='ltr' id='par_1_11' title="bbox 108 2222 827 2455">
     <span class='ocr_line' id='line_1_26' title="bbox 149 2222 827 2297; baseline -0.001 -16"><span class='ocrx_word' id='word_1_155' title='bbox 149 2222 228 2293; x_wconf 83' lang='lat' dir='ltr'><strong>Quin</strong></span> <span class='ocrx_word' id='word_1_156' title='bbox 240 2230 269 2282; x_wconf 90' lang='lat' dir='ltr'><strong>et</strong></span> <span class='ocrx_word' id='word_1_157' title='bbox 282 2222 430 2281; x_wconf 77' lang='lat' dir='ltr'><strong>Mnmbia</strong></span> <span class='ocrx_word' id='word_1_158' title='bbox 444 2223 523 2279; x_wconf 87' lang='lat' dir='ltr'><strong>venit</strong></span> <span class='ocrx_word' id='word_1_159' title='bbox 536 2222 572 2278; x_wconf 93' lang='lat' dir='ltr'><strong>de</strong></span> <span class='ocrx_word' id='word_1_160' title='bbox 586 2231 672 2297; x_wconf 86' lang='lat' dir='ltr'><strong>gente</strong></span> <span class='ocrx_word' id='word_1_161' title='bbox 686 2224 827 2296; x_wconf 90' lang='lat' dir='ltr'><strong>sacerdos,</strong></span> 
     </span>
     <span class='ocr_line' id='line_1_27' title="bbox 108 2299 827 2377; baseline 0.003 -20"><span class='ocrx_word' id='word_1_162' title='bbox 108 2299 224 2359; x_wconf 82' lang='lat' dir='ltr'><strong>Fronde</strong></span> <span class='ocrx_word' id='word_1_163' title='bbox 237 2318 324 2377; x_wconf 86' lang='lat' dir='ltr'><strong>super</strong></span> <span class='ocrx_word' id='word_1_164' title='bbox 337 2300 448 2375; x_wconf 89' lang='lat' dir='ltr'><strong>galeam</strong></span> <span class='ocrx_word' id='word_1_165' title='bbox 463 2309 492 2358; x_wconf 91' lang='lat' dir='ltr'><strong>et</strong></span> <span class='ocrx_word' id='word_1_166' title='bbox 504 2299 581 2358; x_wconf 83' lang='lat' dir='ltr'><strong>felici</strong></span> <span class='ocrx_word' id='word_1_167' title='bbox 595 2309 728 2377; x_wconf 90' lang='lat' dir='ltr'><strong>comptus</strong></span> <span class='ocrx_word' id='word_1_168' title='bbox 742 2302 827 2377; x_wconf 76' lang='lat' dir='ltr'><strong>olivd,</strong></span> 
     </span>
     <span class='ocr_line' id='line_1_28' title="bbox 108 2378 775 2455; baseline 0.004 -21"><span class='ocrx_word' id='word_1_169' title='bbox 108 2378 248 2455; x_wconf 85' lang='lat' dir='ltr'><strong>Archippi</strong></span> <span class='ocrx_word' id='word_1_170' title='bbox 260 2378 336 2455; x_wconf 87' lang='lat' dir='ltr'><strong>regis</strong></span> <span class='ocrx_word' id='word_1_171' title='bbox 345 2378 444 2453; x_wconf 93' lang='lat' dir='ltr'><strong>missu,</strong></span> <span class='ocrx_word' id='word_1_172' title='bbox 459 2378 629 2437; x_wconf 81' lang='lat' dir='ltr'><strong>fortissimus</strong></span> <span class='ocrx_word' id='word_1_173' title='bbox 644 2381 775 2439; x_wconf 90' lang='lat' dir='ltr'><strong>Umbro:</strong></span> 
     </span>
    </p>

    <p class='ocr_par' dir='ltr' id='par_1_12' title="bbox 108 2454 830 2535">
     <span class='ocr_line' id='line_1_29' title="bbox 108 2454 830 2535; baseline 0.008 -24"><span class='ocrx_word' id='word_1_174' title='bbox 108 2454 237 2532; x_wconf 89' lang='lat' dir='ltr'><strong>Vipereo</strong></span> <span class='ocrx_word' id='word_1_175' title='bbox 251 2457 350 2532; x_wconf 80' lang='lat' dir='ltr'><strong>generi</strong></span> <span class='ocrx_word' id='word_1_176' title='bbox 361 2454 394 2514; x_wconf 84' lang='lat' dir='ltr'><strong>&#39;et</strong></span> <span class='ocrx_word' id='word_1_177' title='bbox 407 2459 717 2534; x_wconf 78' lang='lat' dir='ltr'><strong>graviterspirantibus</strong></span> <span class='ocrx_word' id='word_1_178' title='bbox 730 2458 830 2535; x_wconf 88' lang='lat' dir='ltr'><strong>hydris</strong></span> 
     </span>
    </p>

    <p class='ocr_par' dir='ltr' id='par_1_13' title="bbox 107 2534 950 2691">
     <span class='ocr_line' id='line_1_30' title="bbox 107 2534 950 2670; baseline 0.005 -79"><span class='ocrx_word' id='word_1_179' title='bbox 107 2534 249 2670; x_wconf 54' lang='lat' dir='ltr'><strong>{porgere</strong></span> <span class='ocrx_word' id='word_1_180' title='bbox 263 2536 313 2612; x_wconf 93' lang='lat' dir='ltr'><strong>qui</strong></span> <span class='ocrx_word' id='word_1_181' title='bbox 327 2553 443 2594; x_wconf 90' lang='lat' dir='ltr'><strong>somnos</strong></span> <span class='ocrx_word' id='word_1_182' title='bbox 457 2546 599 2612; x_wconf 88' lang='lat' dir='ltr'><strong>cantuque</strong></span> <span class='ocrx_word' id='word_1_183' title='bbox 615 2557 757 2614; x_wconf 91' lang='lat' dir='ltr'><strong>manuque</strong></span> <span class='ocrx_word' id='word_1_184' title='bbox 771 2536 889 2613; x_wconf 87' lang='lat' dir='ltr'><strong>solebat,</strong></span> <span class='ocrx_word' id='word_1_185' title='bbox 946 2609 950 2614; x_wconf 23' lang='grc' dir='ltr'>Ι</span> 
     </span>
     <span class='ocr_line' id='line_1_31' title="bbox 145 2612 773 2691; baseline 0.008 -22"><span class='ocrx_word' id='word_1_186' title='bbox 145 2612 315 2691; x_wconf 89' lang='lat' dir='ltr'><strong>ulcebatque</strong></span> <span class='ocrx_word' id='word_1_187' title='bbox 329 2615 395 2689; x_wconf 88' lang='lat' dir='ltr'><strong>iras,</strong></span> <span class='ocrx_word' id='word_1_188' title='bbox 410 2624 439 2673; x_wconf 91' lang='lat' dir='ltr'><strong>et</strong></span> <span class='ocrx_word' id='word_1_189' title='bbox 452 2634 564 2673; x_wconf 88' lang='lat' dir='ltr'><strong>morsus</strong></span> <span class='ocrx_word' id='word_1_190' title='bbox 579 2625 637 2674; x_wconf 91' lang='lat' dir='ltr'><strong>arte</strong></span> <span class='ocrx_word' id='word_1_191' title='bbox 652 2616 773 2674; x_wconf 81' lang='lat' dir='ltr'><strong>levabat</strong></span> 
     </span>
    </p>

    <p class='ocr_par' dir='ltr' id='par_1_14' title="bbox 109 2691 806 2771">
     <span class='ocr_line' id='line_1_32' title="bbox 109 2691 806 2771; baseline 0.006 -23"><span class='ocrx_word' id='word_1_192' title='bbox 109 2691 166 2748; x_wconf 93' lang='lat' dir='ltr'><strong>Sed</strong></span> <span class='ocrx_word' id='word_1_193' title='bbox 182 2711 239 2749; x_wconf 91' lang='lat' dir='ltr'><strong>non</strong></span> <span class='ocrx_word' id='word_1_194' title='bbox 255 2693 410 2751; x_wconf 78' lang='lat' dir='ltr'><strong>Dardaniae</strong></span> <span class='ocrx_word' id='word_1_195' title='bbox 425 2695 560 2752; x_wconf 91' lang='lat' dir='ltr'><strong>medicari</strong></span> <span class='ocrx_word' id='word_1_196' title='bbox 575 2695 703 2771; x_wconf 91' lang='lat' dir='ltr'><strong>cuspidis</strong></span> <span class='ocrx_word' id='word_1_197' title='bbox 716 2696 806 2753; x_wconf 90' lang='lat' dir='ltr'><strong>ictum</strong></span> 
     </span>
    </p>

    <p class='ocr_par' dir='ltr' id='par_1_15' title="bbox 109 2770 847 2850">
     <span class='ocr_line' id='line_1_33' title="bbox 109 2770 847 2850; baseline 0.003 -23"><span class='ocrx_word' id='word_1_198' title='bbox 109 2770 245 2844; x_wconf 86' lang='lat' dir='ltr'><strong>Evaluit;</strong></span> <span class='ocrx_word' id='word_1_199' title='bbox 267 2791 362 2850; x_wconf 90' lang='lat' dir='ltr'><strong>neque</strong></span> <span class='ocrx_word' id='word_1_200' title='bbox 376 2792 442 2830; x_wconf 92' lang='lat' dir='ltr'><strong>eum</strong></span> <span class='ocrx_word' id='word_1_201' title='bbox 453 2771 556 2849; x_wconf 71' lang='lat' dir='ltr'><strong>juvere</strong></span> <span class='ocrx_word' id='word_1_202' title='bbox 570 2773 600 2829; x_wconf 92' lang='lat' dir='ltr'><strong>in</strong></span> <span class='ocrx_word' id='word_1_203' title='bbox 614 2774 733 2831; x_wconf 89' lang='lat' dir='ltr'><strong>vulnera</strong></span> <span class='ocrx_word' id='word_1_204' title='bbox 746 2779 847 2830; x_wconf 85' lang='lat' dir='ltr'><strong>cantus</strong></span> 
     </span>
    </p>

    <p class='ocr_par' dir='ltr' id='par_1_16' title="bbox 108 2849 855 2927">
     <span class='ocr_line' id='line_1_34' title="bbox 108 2849 855 2927; baseline 0.001 -22"><span class='ocrx_word' id='word_1_205' title='bbox 108 2849 271 2924; x_wconf 86' lang='lat' dir='ltr'><strong>Somniseri,</strong></span> <span class='ocrx_word' id='word_1_206' title='bbox 286 2859 315 2908; x_wconf 92' lang='lat' dir='ltr'><strong>et</strong></span> <span class='ocrx_word' id='word_1_207' title='bbox 329 2851 434 2909; x_wconf 90' lang='lat' dir='ltr'><strong>Marsis</strong></span> <span class='ocrx_word' id='word_1_208' title='bbox 448 2852 574 2927; x_wconf 75' lang='lat' dir='ltr'><strong>quaesitte</strong></span> <span class='ocrx_word' id='word_1_209' title='bbox 590 2851 736 2908; x_wconf 90' lang='lat' dir='ltr'><strong>montibus</strong></span> <span class='ocrx_word' id='word_1_210' title='bbox 749 2849 855 2909; x_wconf 75' lang='lat' dir='ltr'><strong>herbas.</strong></span> 
     </span>
    </p>

    <p class='ocr_par' dir='ltr' id='par_1_17' title="bbox 107 2925 825 3004">
     <span class='ocr_line' id='line_1_35' title="bbox 107 2925 825 3004; baseline 0.007 -22"><span class='ocrx_word' id='word_1_211' title='bbox 107 2925 152 2984; x_wconf 89' lang='lat' dir='ltr'><strong>Te</strong></span> <span class='ocrx_word' id='word_1_212' title='bbox 166 2945 268 2986; x_wconf 90' lang='lat' dir='ltr'><strong>nemus</strong></span> <span class='ocrx_word' id='word_1_213' title='bbox 282 2929 436 3003; x_wconf 81' lang='lat' dir='ltr'><strong>Anguitiae,</strong></span> <span class='ocrx_word' id='word_1_214' title='bbox 450 2929 540 2986; x_wconf 74' lang='lat' dir='ltr'><strong>vitree</strong></span> <span class='ocrx_word' id='word_1_215' title='bbox 553 2936 582 2985; x_wconf 93' lang='lat' dir='ltr'><strong>te</strong></span> <span class='ocrx_word' id='word_1_216' title='bbox 591 2929 724 2985; x_wconf 84' lang='lat' dir='ltr'><strong>Fucinus</strong></span> <span class='ocrx_word' id='word_1_217' title='bbox 737 2929 825 3004; x_wconf 74' lang='lat' dir='ltr'><strong>unde,</strong></span> 
     </span>
    </p>

    <p class='ocr_par' dir='ltr' id='par_1_18' title="bbox 106 3002 487 3082">
     <span class='ocr_line' id='line_1_36' title="bbox 106 3002 487 3082; baseline 0.005 -22"><span class='ocrx_word' id='word_1_218' title='bbox 106 3002 151 3061; x_wconf 89' lang='lat' dir='ltr'><strong>Te</strong></span> <span class='ocrx_word' id='word_1_219' title='bbox 165 3005 267 3082; x_wconf 91' lang='lat' dir='ltr'><strong>liquidi</strong></span> <span class='ocrx_word' id='word_1_220' title='bbox 280 3005 386 3063; x_wconf 68' lang='lat' dir='ltr'><strong>flevere</strong></span> <span class='ocrx_word' id='word_1_221' title='bbox 401 3007 487 3063; x_wconf 86' lang='lat' dir='ltr'><strong>lacus.</strong></span> 
     </span>
    </p>

    <p class='ocr_par' dir='ltr' id='par_1_19' title="bbox 103 3082 886 3472">
     <span class='ocr_line' id='line_1_37' title="bbox 147 3082 822 3159; baseline 0.003 -20"><span class='ocrx_word' id='word_1_222' title='bbox 147 3082 210 3142; x_wconf 84' lang='lat' dir='ltr'><strong>lbat</strong></span> <span class='ocrx_word' id='word_1_223' title='bbox 224 3092 253 3141; x_wconf 87' lang='lat' dir='ltr'><strong>et</strong></span> <span class='ocrx_word' id='word_1_224' title='bbox 266 3083 418 3159; x_wconf 87' lang='lat' dir='ltr'><strong>Hippolyti</strong></span> <span class='ocrx_word' id='word_1_225' title='bbox 431 3083 525 3159; x_wconf 88' lang='lat' dir='ltr'><strong>proles</strong></span> <span class='ocrx_word' id='word_1_226' title='bbox 538 3082 733 3158; x_wconf 89' lang='lat' dir='ltr'><strong>pulcherrima</strong></span> <span class='ocrx_word' id='word_1_227' title='bbox 745 3083 822 3142; x_wconf 91' lang='lat' dir='ltr'><strong>bello</strong></span> 
     </span>
     <span class='ocr_line' id='line_1_38' title="bbox 105 3157 820 3235; baseline 0.007 -21"><span class='ocrx_word' id='word_1_228' title='bbox 105 3157 240 3232; x_wconf 79' lang='lat' dir='ltr'><strong>Virbius3</strong></span> <span class='ocrx_word' id='word_1_229' title='bbox 262 3160 404 3235; x_wconf 90' lang='lat' dir='ltr'><strong>insignem</strong></span> <span class='ocrx_word' id='word_1_230' title='bbox 419 3180 504 3234; x_wconf 91' lang='lat' dir='ltr'><strong>quem</strong></span> <span class='ocrx_word' id='word_1_231' title='bbox 519 3167 609 3217; x_wconf 89' lang='lat' dir='ltr'><strong>mater</strong></span> <span class='ocrx_word' id='word_1_232' title='bbox 622 3161 721 3217; x_wconf 87' lang='lat' dir='ltr'><strong>Aricia</strong></span> <span class='ocrx_word' id='word_1_233' title='bbox 733 3162 820 3229; x_wconf 89' lang='lat' dir='ltr'><strong>misit,</strong></span> 
     </span>
     <span class='ocr_line' id='line_1_39' title="bbox 104 3238 760 3314; baseline 0 -19"><span class='ocrx_word' id='word_1_234' title='bbox 104 3238 253 3296; x_wconf 89' lang='lat' dir='ltr'><strong>Eductum</strong></span> <span class='ocrx_word' id='word_1_235' title='bbox 267 3238 382 3314; x_wconf 83' lang='lat' dir='ltr'><strong>Egeriae</strong></span> <span class='ocrx_word' id='word_1_236' title='bbox 396 3239 477 3312; x_wconf 89' lang='lat' dir='ltr'><strong>lucis,</strong></span> <span class='ocrx_word' id='word_1_237' title='bbox 492 3238 641 3295; x_wconf 91' lang='lat' dir='ltr'><strong>bumentia</strong></span> <span class='ocrx_word' id='word_1_238' title='bbox 654 3240 760 3295; x_wconf 89' lang='lat' dir='ltr'><strong>circum</strong></span> 
     </span>
     <span class='ocr_line' id='line_1_40' title="bbox 104 3315 806 3393; baseline 0 -19"><span class='ocrx_word' id='word_1_239' title='bbox 104 3317 223 3391; x_wconf 84' lang='lat' dir='ltr'><strong>Littors,</strong></span> <span class='ocrx_word' id='word_1_240' title='bbox 236 3316 351 3393; x_wconf 91' lang='lat' dir='ltr'><strong>pinguis</strong></span> <span class='ocrx_word' id='word_1_241' title='bbox 364 3316 414 3373; x_wconf 89' lang='lat' dir='ltr'><strong>ubi</strong></span> <span class='ocrx_word' id='word_1_242' title='bbox 428 3325 457 3374; x_wconf 91' lang='lat' dir='ltr'><strong>et</strong></span> <span class='ocrx_word' id='word_1_243' title='bbox 469 3315 617 3392; x_wconf 89' lang='lat' dir='ltr'><strong>placabilis</strong></span> <span class='ocrx_word' id='word_1_244' title='bbox 632 3335 679 3373; x_wconf 86' lang='lat' dir='ltr'><strong>ara</strong></span> <span class='ocrx_word' id='word_1_245' title='bbox 693 3318 806 3375; x_wconf 81' lang='lat' dir='ltr'><strong>Dianae.</strong></span> 
     </span>
     <span class='ocr_line' id='line_1_41' title="bbox 103 3393 886 3472; baseline 0.004 -20"><span class='ocrx_word' id='word_1_246' title='bbox 103 3395 238 3472; x_wconf 88' lang='lat' dir='ltr'><strong>Namque</strong></span> <span class='ocrx_word' id='word_1_247' title='bbox 252 3394 346 3453; x_wconf 84' lang='lat' dir='ltr'><strong>lemnt</strong></span> <span class='ocrx_word' id='word_1_248' title='bbox 358 3395 434 3452; x_wconf 71' lang='lat' dir='ltr'><strong>famis</strong></span> <span class='ocrx_word' id='word_1_249' title='bbox 448 3393 647 3471; x_wconf 89' lang='lat' dir='ltr'><strong>Hippolytum,</strong></span> <span class='ocrx_word' id='word_1_250' title='bbox 662 3403 812 3472; x_wconf 86' lang='lat' dir='ltr'><strong>postquam</strong></span> <span class='ocrx_word' id='word_1_251' title='bbox 827 3403 886 3455; x_wconf 82' lang='lat' dir='ltr'><strong>orte</strong></span> 
     </span>
    </p>

    <p class='ocr_par' dir='ltr' id='par_1_20' title="bbox 104 3492 836 3784">
     <span class='ocr_line' id='line_1_42' title="bbox 182 3492 313 3531; baseline 0.015 -2"><span class='ocrx_word' id='word_1_252' title='bbox 182 3492 313 3531; x_wconf 81' lang='lat' dir='ltr'><strong>novercae</strong></span> 
     </span>
     <span class='ocr_line' id='line_1_43' title="bbox 104 3548 836 3628; baseline 0.007 -23"><span class='ocrx_word' id='word_1_253' title='bbox 104 3548 260 3626; x_wconf 89' lang='lat' dir='ltr'><strong>Occiderit,</strong></span> <span class='ocrx_word' id='word_1_254' title='bbox 274 3552 436 3627; x_wconf 82' lang='lat' dir='ltr'><strong>patriasque</strong></span> <span class='ocrx_word' id='word_1_255' title='bbox 451 3549 573 3626; x_wconf 78' lang='lat' dir='ltr'><strong>explth</strong></span> <span class='ocrx_word' id='word_1_256' title='bbox 587 3552 725 3626; x_wconf 86' lang='lat' dir='ltr'><strong>sanguine</strong></span> <span class='ocrx_word' id='word_1_257' title='bbox 735 3571 836 3628; x_wconf 82' lang='lat' dir='ltr'><strong>poenas</strong></span> 
     </span>
     <span class='ocr_line' id='line_1_44' title="bbox 104 3626 775 3705; baseline 0.01 -23"><span class='ocrx_word' id='word_1_258' title='bbox 104 3626 238 3686; x_wconf 92' lang='lat' dir='ltr'><strong>Turbatis</strong></span> <span class='ocrx_word' id='word_1_259' title='bbox 253 3630 402 3688; x_wconf 88' lang='lat' dir='ltr'><strong>distractus</strong></span> <span class='ocrx_word' id='word_1_260' title='bbox 416 3630 506 3705; x_wconf 93' lang='lat' dir='ltr'><strong>equis,</strong></span> <span class='ocrx_word' id='word_1_261' title='bbox 522 3630 557 3686; x_wconf 94' lang='lat' dir='ltr'><strong>ad</strong></span> <span class='ocrx_word' id='word_1_262' title='bbox 571 3629 665 3686; x_wconf 90' lang='lat' dir='ltr'><strong>sidera</strong></span> <span class='ocrx_word' id='word_1_263' title='bbox 678 3650 775 3689; x_wconf 86' lang='lat' dir='ltr'><strong>rursus</strong></span> 
     </span>
     <span class='ocr_line' id='line_1_45' title="bbox 104 3704 790 3784; baseline 0.007 -23"><span class='ocrx_word' id='word_1_264' title='bbox 104 3704 235 3762; x_wconf 82' lang='lat' dir='ltr'><strong>AEtlreria</strong></span> <span class='ocrx_word' id='word_1_265' title='bbox 248 3716 278 3766; x_wconf 92' lang='lat' dir='ltr'><strong>et</strong></span> <span class='ocrx_word' id='word_1_266' title='bbox 290 3727 408 3784; x_wconf 88' lang='lat' dir='ltr'><strong>superas</strong></span> <span class='ocrx_word' id='word_1_267' title='bbox 422 3707 487 3765; x_wconf 88' lang='lat' dir='ltr'><strong>coeli</strong></span> <span class='ocrx_word' id='word_1_268' title='bbox 500 3708 616 3764; x_wconf 86' lang='lat' dir='ltr'><strong>venisse</strong></span> <span class='ocrx_word' id='word_1_269' title='bbox 630 3707 683 3766; x_wconf 88' lang='lat' dir='ltr'><strong>sub</strong></span> <span class='ocrx_word' id='word_1_270' title='bbox 698 3728 790 3783; x_wconf 87' lang='lat' dir='ltr'><strong>auras,</strong></span> 
     </span>
    </p>
   </div>
   <div class='ocr_carea' id='block_1_3' title="bbox 0 0 1204 4178">
    <p class='ocr_par' dir='ltr' id='par_1_21' title="bbox 0 0 1204 4178">
     <span class='ocr_line' id='line_1_46' title="bbox 0 0 1204 4178; baseline 0 1"><span class='ocrx_word' id='word_1_271' title='bbox 0 0 1204 4178; x_wconf 95' lang='lat' dir='ltr'><strong> </strong></span> 
     </span>
    </p>
   </div>
  </div>
 </body>
</html>
