2400 4178
518 209 632 268 LIBER
650 211 692 268 11.-
710 222 722 269 f
790 242 797 251 -

346 470 857 562 auonarconum
894 424 908 460 ⁹

404 677 534 762 arana
562 701 795 766 sacunnua
895 793 897 796 y

112 831 280 889 Hacranus
295 829 427 888 arvorum
441 832 536 890 cultus
550 840 579 890 et
592 832 686 890 sidera
699 833 784 890 coeli:

111 908 200 967 Nunc
214 917 253 983 te,
268 908 395 983 Bacche,
409 927 519 984 cauam,
533 928 660 967 necnon
675 910 816 969 silvestria
828 919 932 985 tecum⁸

111 985 253 1060 Virgulta7
268 995 298 1044 et
309 986 420 1063 prolem
433 984 513 1044 tarde
523 988 684 1045 crescentis
697 988 791 1046 olivae.

150 1064 230 1137 Huc,
244 1071 354 1139 patero
369 1065 494 1136 Lenaee3
516 1065 573 1122 tuis
587 1063 635 1122 hie
649 1066 747 1122 omnia
759 1066 846 1142 plena

111 1140 294 1214 Muneribus,
308 1141 361 1198 tibi
373 1141 528 1218 pampineo
543 1143 675 1217 gravidus
690 1151 829 1201 autumno

111 1217 213 1275 Floret
226 1236 302 1293 ager,
317 1226 433 1294 spumat
444 1219 538 1294 plenis
551 1220 698 1278 vindemia
709 1220 795 1279 labris
806 1240 814 1292 ;

111 1295 191 1372 Huc,
204 1304 285 1372 pater
299 1315 316 1353 o
330 1297 448 1369 Lenaee,
463 1296 539 1370 veui,
554 1298 718 1372 nudataque
732 1307 826 1356 musto

111 1373 207 1449 Tinge
221 1393 296 1431 novo
311 1392 426 1432 mecum
442 1374 566 1449 dereptis
580 1392 663 1431 crura
676 1375 833 1433 cothurnis.

150 1452 320 1527 Parncrmo,
336 1451 483 1511 arboribus
498 1451 576 1508 varia
590 1459 633 1509 est
647 1460 748 1510 natura
761 1453 911 1511 creandis:

110 1529 247 1605 Namque
261 1530 335 1604 aliae,
349 1530 437 1588 nullis
450 1529 602 1587 hominum
617 1530 797 1605 cogentibus,
811 1532 881 1608 ipsae

112 1608 221 1684 Sponte
235 1609 288 1664 susi
300 1609 431 1682 veniunt,
447 1626 624 1685 camposque
639 1607 803 1666 et'flumiua
815 1606 873 1667 late

110 1685 209 1743 Curva
222 1693 337 1757 teuent3
358 1692 392 1742 ut
404 1685 491 1742 molle
505 1685 581 1760 siler,
595 1687 740 1762 lentaeque
754 1687 883 1761 genistae,

109 1761 249 1839 Populus,
264 1771 294 1834 et
306 1763 408 1839 glauca
423 1764 556 1821 canentia
568 1764 668 1821 fronde
682 1764 798 1821 salicta:

109 1839 181 1898 Pars
195 1848 292 1897 autem
306 1841 399 1918 posito
413 1849 534 1916 surgunt
548 1841 584 1898 de
595 1841 725 1912 semine3
747 1849 779 1898 ut
792 1841 857 1902 alte

111 1919 272 1995 Castanea,
286 1937 495 1994 nemorumque
508 1918 575 1975 Jovi
588 1938 653 1996 quae
668 1919 796 1979 maxima
807 1917 921 1977 frondet

109 1995 258 2071 AEsculus,
273 2004 358 2073 atque
372 1995 477 2054 habitae
493 1996 588 2053 Graiis
602 1996 717 2054 oracula
727 2015 868 2072 quercus:

108 2073 238 2132 Pullulat
251 2075 286 2132 ab
300 2075 395 2133 radice
409 2074 472 2132 aliis
485 2074 656 2132 densissima
670 2074 757 2146 silva;

109 2153 151 2212 Ut
164 2153 279 2229 cerasis,
292 2153 455 2230 ulmisque;
477 2153 563 2211 etiam
577 2152 730 2210 Parnassia
742 2153 840 2211 laurus

107 2229 202 2288 Parva
215 2232 268 2288 sub
282 2231 392 2306 ingenti
406 2231 504 2289 mauis
518 2249 549 2288 se
563 2231 680 2309 subjicit
692 2229 803 2288 umbra.

109 2309 173 2367 Hos
185 2309 296 2368 Natura
310 2310 411 2367 modos
424 2306 550 2386 primum
564 2310 661 2381 dedit;
682 2309 729 2366 bis
742 2327 835 2383 genus
848 2327 935 2367 omne

110 2387 253 2445 Silvarum
266 2387 460 2464 fruticumque
472 2388 547 2445 viret
559 2405 771 2463 nemorumque
785 2405 939 2445 sacrorum.

150 2466 224 2523 Sunt
237 2466 285 2523 alii
298 2484 371 2542 quos
384 2466 447 2542 ipse
460 2465 509 2523 via
523 2463 578 2522 sibi
591 2464 697 2541 reperit
710 2482 790 2522 usus.
974 2535 976 2538 ι

104 2540 168 2598 'Hic
182 2543 293 2617 plantas
306 2551 405 2600 tenero
419 2541 572 2599 abscidens
585 2542 622 2599 de
636 2559 754 2617 corpore
768 2550 893 2600 matrum

96 2618 253 2696 'Deposuit
263 2619 369 2690 sulcis;
390 2618 439 2674 bic
448 2619 556 2694 stirpes
570 2617 665 2676 obruit
678 2637 755 2690 arvo,

110 2695 352 2772 Quadrifidasque
366 2695 463 2768 sudes,
478 2701 508 2751 et
521 2702 605 2751 acuto
619 2694 720 2752 robore
733 2695 842 2753 vallos:

110 2774 312 2849 Silvarumque
326 2773 390 2831 alia
403 2784 517 2849 pressos
530 2770 694 2847 propaginis
709 2788 792 2828 arcus

108 2852 299 2928 Exspectant,
314 2860 344 2909 et
356 2850 424 2909 viva
437 2849 489 2907 sua
502 2848 643 2925 plantaria
655 2848 747 2907 terri:

107 2929 160 2988 Nil
174 2930 278 2988 radicis
293 2936 379 3005 egent
393 2927 473 2999 aliae3
495 2945 703 3003 summumque
715 2932 831 3003 putator

108 3008 198 3067 Haud
211 3007 323 3068 dubitat
335 3017 417 3065 terroe
431 3005 558 3065 reserens
571 3005 707 3062 mandare
721 3019 898 3061 cucumam·

109 3086 189 3157 Quin
204 3093 233 3144 et
246 3085 416 3144 caudicibus
429 3083 526 3157 sectis,
541 3081 671 3140 mirabile
685 3081 785 3139 dictu!

108 3165 246 3222 Truditur
259 3183 276 3221 e
289 3164 367 3222 sicco
381 3161 463 3220 radix
477 3160 608 3235 oleagina
620 3159 716 3234 ligno:

83 3248 86 3252 ’
107 3242 150 3300 Et
163 3239 240 3320 saepd
256 3242 372 3301 alterius
385 3259 479 3298 ramos
493 3235 614 3315 impune
628 3238 763 3296 videmus
780 3301 783 3307 A

107 3320 229 3378 Vertere
242 3321 272 3377 in
287 3319 413 3392 alterius,
428 3323 627 3392 mutatamque
640 3315 726 3374 insita
739 3313 815 3371 mela

67 3451 73 3463 ,
107 3396 198 3455 Ferre
212 3397 316 3474 pirum,
331 3405 361 3454 et
373 3396 473 3473 prunis
486 3395 616 3472 lapidosa
629 3393 783 3452 rubescere
797 3406 893 3449 corna

148 3474 247 3546 Quare
261 3475 346 3549 agite,
358 3493 385 3549 o,
399 3473 528 3551 proprios
541 3471 699 3548 generatim
714 3469 815 3528 discite
829 3466 935 3538 cultus,

108 3553 261 3629 Agricolae,
275 3552 443 3628 fructusque
457 3551 532 3609 feros
546 3549 656 3608 mollite
670 3547 801 3607 colendo.

59 3670 64 3680 ·
108 3631 140 3690 N
141 3650 177 3688 eu
192 3649 295 3705 segnes
305 3631 423 3707 jaceant
435 3637 536 3687 terrae:
555 3631 641 3708 juvat
654 3627 764 3684 Ismara
777 3620 896 3681 Baccho

107 3708 278 3782 conserere,
292 3715 379 3818 qtque
393 3706 457 3765 olet
470 3725 609 3784 magnum
620 3704 726 3766 vestire
740 3699 921 3773 Taburnum
