2370 4176
93 182 140 259 ,aa
501 183 686 240 nymnos

103 328 274 407 Virginibus
288 332 386 410 Tyriis
399 351 461 391 mos
475 342 519 392 eat
532 343 643 409 gestare
676 333 832 411 haretram,

102 407 313 488 Purpureoque
327 407 383 470 altri
398 428 477 469 suras
490 412 600 470 vincire
614 431 648 470 co
682 431 762 469 urno.

103 486 216 547 Punica
229 508 317 564 regna
330 489 421 564 vides,
436 490 551 566 Tyrios,
566 499 596 549 ct
608 490 750 566 Agenoris
766 490 887 566 urbem3

104 565 162 624 Sed
178 568 250 625 fines
264 567 376 643 Libyci,
391 587 483 642 genus
496 568 674 627 intractabile
688 568 774 626 bello.

103 643 261 721 Imperium
276 646 354 703 Dido
368 645 458 722 Tyrii
472 646 545 722 regit
557 646 629 705 urbe
642 647 779 724 profecto,

103 723 281 781 Germanum
296 724 430 800 fugiens:
454 724 539 800 longa
552 733 596 783 est
609 726 723 804 injuria,
738 725 831 801 longae

102 801 249 878 Ambages
260 823 268 874 ;
278 804 342 879 'sed
355 821 470 860 summa
484 822 589 879 sequar
601 802 715 880 fastigia
727 823 834 862 rerum.

141 879 220 938 Huic
235 885 344 959 conjux
360 881 499 957 Sychaeus
514 891 582 957 erat,
598 883 755 940 ditissimus
769 882 829 958 agri

102 955 288 1034 Phoenicum,
303 967 332 1016 et
346 980 451 1035 magno
466 961 578 1018 miserae
593 961 714 1018 dilectus
723 955 845 1018 amore:

102 1036 161 1099 Cui
172 1046 253 1114 pater
266 1039 402 1096 intactam
415 1039 542 1113 dederat,
556 1039 717 1116 primisque
726 1039 844 1117 jugirat

103 1113 266 1173 Ominibus.
311 1117 370 1174 Sed
382 1136 470 1192 regna
483 1117 554 1193 Tyri
568 1137 723 1192 germanus
737 1117 863 1176 habebat

101 1190 283 1270 Pygmalion,
298 1195 406 1252 scelere
420 1204 486 1252 ante
501 1196 572 1254 alios
585 1197 738 1253 immanior
752 1215 864 1254 omnes.

103 1271 187 1342 Quos
200 1274 275 1331 inter
288 1274 401 1331 medius
416 1275 497 1332 venit
509 1275 605 1333 suror:
626 1275 675 1333 ille
691 1275 846 1351 Sychaenm

103 1349 214 1428 Impius
229 1361 294 1412 ante
309 1372 380 1427 aras,
396 1360 482 1428 atque
496 1355 557 1410 auri
572 1372 669 1411 caecus
683 1373 789 1428 amore,

103 1429 187 1487 Clam
202 1430 276 1488 ferro
290 1431 439 1489 incautum
453 1440 577 1507 superat,
592 1451 710 1488 securus
725 1451 856 1490 amorum

105 1508 278 1581 Germanae3
300 1511 466 1586 factumque
480 1511 530 1566 diu
545 1509 667 1581 celavit;
690 1518 719 1568 et
733 1529 848 1587 aegram,

103 1587 200 1645 Multa
214 1588 306 1645 malus
321 1588 469 1661 simulans,
485 1588 559 1644 vani
573 1607 624 1663 spe
638 1588 707 1645 lusit
721 1597 875 1647 amantem.

103 1665 170 1742 lpsa
185 1668 235 1724 sed
250 1667 280 1723 in
295 1667 403 1724 somnis
418 1666 559 1724 inhumati
573 1667 654 1725 venit
667 1668 762 1744 imago

103 1745 254 1823 Conjugis,
269 1764 319 1803 ora
332 1747 426 1803 modis
441 1745 576 1803 attollens
589 1746 697 1823 pallida
710 1747 789 1805 miris
801 1767 815 1803 :-

103 1823 244 1882 Crudeles
259 1845 321 1883 aras
335 1828 510 1905 trajectoque
525 1834 641 1902 pectora
654 1826 728 1883 ferro

102 1902 133 1960 N
135 1904 243 1979 udavit,
258 1923 424 1982 caecumque
439 1904 541 1962 domds
555 1905 649 1962 scelus
663 1924 749 1962 omne
763 1904 876 1963 retexit

103 1981 181 2039 Tum
196 1983 322 2040 celerare
336 1984 433 2059 lugam
447 1984 597 2060 patriique
611 1985 752 2041 excedere
767 1983 887 2041 suadet:

103 2061 314 2137 Auxiliumque
327 2062 382 2118 viae
396 2070 508 2119 veteres
523 2062 624 2118 tellure
638 2062 761 2119 recludit

103 2138 278 2214 Thesauros,
293 2141 422 2214 ignotum
438 2140 547 2212 argenti
561 2140 673 2214 pondus
688 2147 717 2196 et
730 2139 801 2195 auri.

104 2215 160 2274 His
174 2225 329 2291 commota,
343 2217 439 2292 sugam
453 2216 532 2273 Dido
546 2217 697 2291 sociosque
710 2217 836 2293 parabat.

104 2295 291 2353 Conveniunt
304 2295 410 2370 quibus
425 2302 475 2352 aut
487 2295 586 2351 odium
600 2294 719 2352 crudele
733 2295 857 2372 tyranni,

104 2377 164 2430 ,hut
178 2382 272 2430 metus
287 2381 446 2445 stererat,
468 2392 558 2431 naves
570 2392 636 2448 quae
650 2370 722 2431 sorte
736 2381 843 2450 paratm

104 2451 279 2527 Corripiunt,
296 2460 474 2527 onerantque
489 2470 577 2522 auro;
598 2458 747 2528 portantur
760 2453 840 2510 avari

103 2529 301 2605 Pygmalionis
315 2549 385 2608 opes
399 2530 520 2606 pelago:
543 2531 605 2588 dux
617 2530 736 2587 foemina
748 2528 826 2589 lacti.

104 2606 260 2666 Devenere
273 2608 352 2665 locos
367 2608 418 2665 ubi
431 2627 510 2666 nuno
523 2609 652 2684 ingentia
665 2627 767 2666 cemes
879 2652 885 2661 ,

105 2686 227 2761 Maenia,
243 2686 467 2763 surgentemque
481 2706 565 2745 novae
581 2688 763 2762 Carthaginis
777 2705 891 2745 arcem:

106 2765 289 2842 Mercatique
304 2767 408 2840 solum,
422 2767 490 2824 facti
505 2767 541 2824 de
556 2767 674 2823 nomine
688 2767 819 2841 Byrsam,

106 2844 234 2902 Taurino
250 2843 389 2921 quantdm
403 2852 521 2920 possent
534 2845 710 2901 circumdare
724 2851 814 2916 tergo.

108 2924 166 2980 Sed
184 2943 235 2980 vos
250 2924 300 2997 qui
314 2923 455 2980 tandem?
476 2923 581 2994 quibus
596 2929 646 2979 aut
659 2919 778 2977 venistis
792 2919 827 2976 ab
842 2920 925 2976 oris?

107 2998 213 3070 Qudne
227 3002 331 3058 tenetis
344 3001 420 3056 iter?
442 2998 593 3068 Quaerenti
608 2997 711 3056 talibus
724 2997 773 3053 ille

108 3079 270 3153 Suspirans,
286 3078 400 3151 imoque
415 3076 531 3134 trahens
545 3085 691 3153 a-pectore
704 3092 828 3133 vocem:

148 3156 173 3214 0
189 3156 253 3228 dea,
268 3155 292 3212 si
305 3155 398 3230 primi
412 3163 547 3231 repetens
561 3156 596 3212 ab
612 3154 721 3230 origine
734 3171 863 3229 pergam,

18 3261 21 3265 ·
108 3234 149 3292 Et
162 3242 248 3292 vacet
262 3233 379 3290 annales
393 3239 556 3290 nostrorum
570 3233 669 3290 audire
682 3231 823 3305 laborum,

108 3309 186 3371 Antia
201 3313 278 3369 diem
293 3311 390 3369 clauso
404 3319 559 3387 componet
572 3310 686 3387 Vesper
701 3310 837 3386 Olympo.

109 3392 174 3450 Nos
188 3391 279 3468 Trojri
294 3390 421 3465 antiqui,
436 3390 460 3448 si
474 3399 582 3448 vestras
596 3386 667 3446 forte
681 3407 733 3464 per
747 3407 831 3446 aures

111 3471 208 3548 Trojae
222 3489 328 3527 nomen
345 3470 387 3544 iit,
403 3469 515 3527 diversa
527 3488 580 3545 per
593 3487 709 3543 aequora
721 3474 821 3526 vectos

111 3549 198 3608 Forte
213 3549 266 3605 suri
281 3549 399 3624 Libycis
413 3556 568 3624 tempestas
582 3545 693 3624 appulit
707 3546 772 3604 oris.

114 3629 184 3686 Sum
198 3627 263 3703 pius
277 3628 398 3704 AEneas,
412 3636 507 3705 raptos
522 3627 572 3702 qui
587 3645 625 3683 ex
636 3626 720 3683 hoste
734 3625 860 3684 Penates

113 3706 214 3767 Classe
227 3706 303 3764 veho
318 3726 444 3783 mecum,
458 3707 535 3789 fami
549 3723 635 3784 super
649 3705 758 3767 aethera
771 3711 881 3766 notus·
