2400 4178
153 210 209 269 w
546 206 729 317 AENEIDqfl

154 362 203 421 Sic
218 361 257 419 ait
271 360 466 436 illacrymans:
489 359 616 419 humero.
622 358 706 416 simul
712 357 801 417 'exuit
813 375 915 419 eum

153 442 303 513 Auratum,
318 439 388 496 mira
402 458 487 513 quem
501 438 608 497 iecerat
621 446 679 495 arte
694 439 810 513 Lycaon

153 521 289 592 Gnosius,
304 527 386 593 atque
401 516 527 575 habilem
540 518 644 593 ragina
659 518 768 592 apttirat
781 515 901 574 eburud.
1082 524 1145 581 305

152 599 212 656 Dat
224 598 297 663 Niso
311 595 485 655 Mnestheus
497 596 604 673 pellem
619 595 816 672 horrentisque
829 595 924 655 leonio

152 676 281 735 Exuvias
294 695 301 731 :
323 674 433 751 galeam
448 675 521 732 lidus
532 683 674 752 permutat
686 673 795 733 Aletes.

152 756 293 814 Protenus
306 755 405 812 armati
419 753 573 825 incedunt;
595 772 666 828 quos
680 754 773 811 omnis
787 760 887 811 euntes
951 800 956 807 .

151 834 312 892 Primorum
327 852 427 890 manus
441 834 476 890 ad
490 843 585 909 portas
595 833 793 911 juvenumque
807 850 971 910 senumque

151 912 337 989 Prosequitur
348 912 421 970 votis
435 931 441 967 ε
464 931 517 969 nec
532 932 589 969 uon
603 920 633 969 et
645 911 765 988 pulcher
779 911 868 985 Iiilua,
1074 920 1144 976 310

151 994 227 1048 :late
242 1011 332 1049 anuos
347 993 530 1067 animumque
544 1009 646 1067 gerens
660 1009 813 1066 curamque
826 988 951 1067 virilem,
966 1032 970 1039 -

150 1070 246 1128 Multa
258 1071 331 1148 patri
344 1070 482 1147 portanda
495 1069 581 1128 dabat
594 1070 742 1142 mandata3
764 1069 815 1127 sed
829 1088 905 1127 aurae

151 1148 257 1207 Omnia
271 1150 487 1227 discerpuntet
500 1148 625 1206 nubibus
638 1149 715 1206 irrita
728 1150 844 1207 donant

190 1228 308 1303 Egressi
322 1238 455 1305 superant
469 1227 568 1301 fossas,
583 1228 730 1304 noctisque
743 1246 796 1305 per
808 1226 942 1286 umbram
1050 1270 1054 1275 -
1181 1262 1192 1295 0

150 1308 251 1365 Castra
264 1308 379 1365 inimica
392 1316 503 1385 petunt,
518 1307 614 1365 multis
628 1316 723 1365 tamen
738 1303 802 1366 antei
816 1306 904 1365 futuri
1081 1316 1143 1373 315

151 1385 259 1445 Exitio.
301 1387 412 1444 Passim
428 1406 528 1444 somno
542 1387 666 1461 vinoque
679 1405 732 1462 per
744 1385 862 1443 herbam

150 1465 278 1543 Corpora
291 1466 354 1523 susa
366 1467 482 1538 videut3
505 1474 626 1524 arrectos
637 1465 730 1523 littore
743 1483 851 1541 currus,

150 1544 229 1602 luter
243 1545 302 1601 lora
315 1554 447 1619 rotasque
461 1545 555 1617 viros;
577 1542 661 1601 simul
676 1562 753 1601 arma
762 1545 869 1622 jacere,

149 1622 228 1680 Vina
241 1623 335 1680 simul.
378 1624 460 1681 Prior
473 1623 646 1699 Hyrtacides
660 1623 701 1680 sic
715 1642 764 1680 ore
778 1623 908 1681 locutus:

149 1702 287 1778 Euryale,
303 1703 464 1760 audendum
480 1702 597 1760 dextra:
619 1721 696 1760 nuno
710 1703 772 1779 ipsa
784 1710 868 1760 vocat
880 1720 936 1759 res.
1081 1712 1144 1767 32ss

149 1780 215 1838 Ihic
231 1782 283 1839 iter
298 1792 359 1840 est:
381 1790 423 1856 tu,
437 1800 474 1839 ne
488 1802 545 1859 qua
558 1800 659 1839 manus
672 1802 704 1839 se
718 1781 845 1839 attollere
859 1780 944 1839 nobis
974 1791 977 1796 '

148 1861 176 1917 A
190 1870 269 1937 tergo
283 1861 383 1938 possit,
396 1862 517 1935 custodi,
533 1871 561 1919 et
574 1861 692 1919 consule
706 1858 801 1936 louge.

149 1939 223 1996 Haec
239 1959 291 2016 ego
306 1950 385 1999 rasta
398 1941 481 2016 dabo,
496 1950 525 1997 et
538 1940 595 1999 lato
608 1950 637 1998 te
650 1939 741 1997 limite
755 1941 867 1998 ducam.
976 1988 979 1993 .

150 2017 198 2076 Sic
212 2030 361 2095 memorat,
376 2038 534 2094 vocemque
548 2020 668 2096 premit:
691 2018 775 2076 simul
789 2037 858 2077 ense
871 2018 1037 2095 superbum

147 2096 343 2156 Rhamnetem
358 2099 527 2173 aggreditur,
542 2099 591 2173 qui
605 2094 676 2154 forte
690 2097 832 2172 tapetibus
845 2097 910 2157 altis
1079 2108 1139 2163 325

54 2178 63 2195 '
147 2175 318 2235 Exstructua
332 2186 390 2235 toto
404 2175 542 2252 proflabat
554 2185 669 2251 pectore
683 2194 835 2250 somnum3
860 2184 863 2195 '

146 2253 214 2312 Rex
228 2256 314 2331 idem,
329 2264 358 2314 et
371 2255 431 2330 regi
445 2254 543 2313 Turno
558 2254 732 2330 gratissimus
746 2274 850 2331 augur:

148 2332 207 2391 Sed
222 2354 277 2391 nou
294 2335 410 2409 augurio
424 2335 516 2410 potuit
529 2334 674 2411 depellere
687 2343 807 2411 pestem.

147 2412 219 2469 Tres
229 2411 314 2491 juxti
326 2413 450 2471 famulos
465 2411 571 2471 temere
587 2412 661 2471 inter
673 2414 733 2471 tela
740 2416 880 2492 jacentes,

146 2494 384 2569 Armigerumque
399 2494 486 2550 Remi
499 2493 612 2570 premit,
628 2493 812 2569 aurigamque
825 2491 879 2551 sub
893 2492 966 2570 ipsis
1076 2496 1137 2557 380

145 2570 257 2630 Nactus
272 2573 361 2650 equis,
376 2572 506 2649 ferroque
520 2581 598 2630 secat
611 2573 766 2649 pendentia
779 2572 861 2630 colla.

146 2649 223 2708 Tum
239 2661 326 2730 caput
339 2653 395 2730 ipsi
410 2653 501 2711 aufert
513 2652 639 2727 domiuo,
653 2660 843 2728 tmncumque
856 2650 997 2730 relinquit

147 2729 293 2806 Sanguine
308 2733 529 2807 singultantem·
552 2741 611 2790 atro
625 2731 765 2809 tepefacta
778 2749 877 2789 cruore

145 2809 234 2867 Terra
248 2811 359 2887 torique
373 2813 498 2870 madent.
539 2812 571 2870 N
572 2831 605 2869 ec
621 2830 678 2868 uon
687 2813 914 2887 'Lamyrumque
929 2806 1136 2893 Lamumque,

52 2920 55 2925 ·
144 2888 185 2945 Et
193 2891 333 2966 juvenem
349 2890 571 2965 Sarranum,illa
585 2892 634 2967 qui
648 2890 868 2967 plurimanoote
1072 2900 1134 2955 8³5

143 2966 274 3043 Luserat,
289 2969 408 3043 insignis
421 2970 504 3044 sacia,
520 2969 666 3045 multoque
677 2969 792 3048 jacebat

144 3044 278 3103 Membra
291 3048 345 3104 deo
359 3049 469 3106 rictus:
494 3048 564 3106 felix
578 3049 602 3106 si
615 3058 750 3126 protenus
764 3048 845 3105 illum

143 3122 300 3198 AEqudsset
314 3127 391 3185 nocti
405 3127 515 3202 ludum,
530 3129 559 3185 iu
573 3128 725 3203 lucemque
739 3128 865 3186 tulisset!

145 3201 287 3278 Impastus
302 3224 355 3263 ceu
369 3205 456 3283 pleua
469 3207 514 3263 leo
528 3224 580 3281 per
593 3206 679 3261 ovilia
692 3206 818 3281 turbans,
1083 3256 1089 3265 .

146 3280 253 3340 Suadet
266 3285 342 3341 enim
357 3304 463 3342 vesana
476 3284 574 3356 samaa,
590 3283 754 3359 manditque
768 3285 911 3362 trahitque
991 3316 1013 3355 ;,
1028 3356 1031 3361 Ι
1070 3294 1133 3351 340

144 3360 237 3417 Molle
250 3382 348 3439 pecus,
364 3372 530 3438 mutumque
544 3368 621 3418 metu
633 3380 640 3432 ;
662 3361 757 3421 fremit
770 3383 818 3421 ore
832 3370 963 3423 cruento.
990 3370 1020 3405 ““··
1039 3370 1043 3375 “

144 3439 209 3497 Nec
224 3441 316 3498 minor
329 3441 447 3517 Euryali
461 3442 572 3498 eaedes:
593 3438 727 3498 incensus
741 3444 845 3519 etipse

144 3517 281 3594 Periurit,
291 3540 323 3578 ac
338 3521 454 3578 multam
468 3519 496 3576 in
512 3516 606 3575 medio
621 3518 682 3576 siue
696 3521 814 3578 nomine
827 3520 957 3599 plebem,
1011 3550 1017 3569 ι

144 3595 322 3674 Fadumque,
338 3598 556 3672 Herbesumque
571 3595 656 3670 subit,
670 3599 877 3677 Rhoetumque,
891 3602 1092 3686 Arabimque,

145 3673 281 3750 Ignaros3
302 3677 440 3734 Rhoetum
453 3674 619 3750 vigilantem
634 3684 663 3733 et
676 3687 777 3735 cuncta
790 3679 950 3758 videntem,
1069 3680 1131 3751 w

146 3752 203 3812 Sed
218 3774 352 3831 magnum
365 3762 496 3812 metuens
510 3771 541 3811 se
554 3762 619 3830 post
633 3763 740 3813 cratera
753 3757 888 3834 tegebat3
911 3782 923 3796 ·
