2400 4178
501 185 615 238 LIBER
634 176 685 240 11‘1.

106 332 184 390 Ante
199 329 298 389 urbem
312 329 342 388 in
354 330 433 407 luco,
448 330 512 389 falsi
527 332 686 390 Simoentis
700 329 868 407 adundant,

105 409 231 467 Libebat
243 409 333 466 cineri
347 409 560 484 Andromache,
576 410 738 486 Manesque
751 408 874 468 vocabat

106 487 286 545 Hectoreum
299 488 335 544 ad
348 486 501 561 tumulum,
517 487 603 544 viridi
617 506 705 563 quem
719 486 829 562 cespite
842 487 971 562 inanem,

107 566 149 623 Et
157 567 295 640 geminas,
310 583 427 623 eausam
440 564 585 642 lacrymis,
601 571 761 622 sacraverat
775 582 846 622 aras.
1031 566 1089 622 305

107 641 150 702 Ut
164 663 211 700 me
221 644 372 719 conspexit
391 643 566 717 venientem,
581 650 611 700 et
623 642 713 700 Troia
727 639 837 699 circhm
851 647 856 653 ’

107 723 196 778 Arma
211 740 310 778 amens
323 721 405 795 vidit,
420 722 532 796 magnis
546 721 681 779 exterrita
694 720 840 797 monstris,

104 800 237 874 ‹Diriguit
250 801 314 857 visu
327 800 357 857 in
372 797 469 858 medio
480 819 488 873 3
511 799 588 856 calor
601 817 666 856 ossa
679 798 794 876 reliquit
806 818 815 871 3

107 878 244 951 Labitur3
267 886 296 936 et
309 878 395 953 longo
409 879 460 937 vix
473 877 590 934 tandem
604 884 733 953 tempore
747 877 841 934 latur:
1116 944 1119 949 ¹

108 956 225 1013 Verane
239 965 267 1015 te
281 956 379 1030 facies,
390 972 475 1012 verua
496 954 570 1011 mihi
582 955 701 1012 nuntius
716 953 810 1029 affers,
1034 957 1092 1012 310
1172 988 1175 994 ·

108 1033 185 1091 Nate
200 1034 277 1090 dei?
297 1034 432 1090 vivisne?
454 1040 511 1109 ant,
526 1031 551 1090 si
563 1030 615 1089 lux
629 1032 706 1089 alma
718 1031 846 1106 recessit,

109 1111 220 1168 Hector
233 1112 284 1167 ubi
298 1113 363 1168 est?
405 1110 498 1187 Dixit,
512 1110 711 1187 lacrymasque
726 1109 836 1185 effudit,
852 1116 881 1168 et
893 1124 1011 1169 omnem

110 1189 245 1265 Implevit
259 1188 384 1246 clamore
398 1187 503 1245 locum.
545 1189 606 1245 Vix
619 1208 713 1264 pauca
726 1187 833 1246 furenti

112 1267 252 1344 Subjieio,
267 1275 296 1325 et
309 1266 378 1324 raris
392 1266 522 1324 turbatus
535 1266 656 1325 vocibus
669 1266 751 1324 hisco
764 1286 770 1322 :
1068 1308 1069 1312 ,

109 1344 186 1404 Vivo
202 1346 345 1422 equidem,
359 1345 508 1423 vitamque
522 1353 652 1403 extrema
664 1362 716 1424 per
728 1342 827 1402 omnia
840 1343 923 1402 duco.
1036 1347 1095 1402 315

108 1423 157 1482 Ne
172 1425 288 1497 dubita;
310 1444 377 1482 nam
391 1444 459 1482 vera
471 1424 562 1482 vides.

110 1503 179 1560 Heu
193 1507 199 1560 t
221 1504 285 1579 quis
299 1510 327 1561 te
341 1522 424 1562 casus
439 1504 581 1582 dejectam
595 1503 719 1581 conjuge
732 1508 811 1561 tanto

110 1581 252 1659 Excipit?
273 1590 322 1640 aut
336 1601 400 1659 quae
414 1582 503 1658 digna
515 1579 583 1641 satis
597 1581 845 1640 fortunarevisit?

110 1659 255 1735 Hectoris,
270 1659 483 1734 Andromache,
498 1661 633 1736 Pyrrhin’
647 1659 793 1718 connubia
806 1661 925 1719 servas?

110 1736 227 1815 Dejecit
239 1737 362 1812 vultum,
378 1745 407 1795 et
421 1738 547 1796 demissa
559 1758 633 1796 voce
646 1739 744 1796 locuta
757 1746 818 1796 est:

111 1815 137 1873 O
152 1815 222 1873 felix
236 1815 294 1873 una
308 1824 373 1873 ante
388 1815 458 1873 alias
472 1816 616 1874 Priameia
628 1816 719 1892 virgo,

83 1921 84 1927 κ
110 1893 255 1952 Hostilem
270 1895 306 1951 ad
320 1895 474 1970 tumulum,
489 1895 586 1974 Trojae
599 1893 654 1952 sub
667 1893 811 1952 moenibus
826 1893 899 1969 ultis,

109 1972 126 2029 J
128 1993 195 2030 ussa
210 1974 289 2048 mori,
305 1992 369 2050 quae
384 1974 569 2032 sortitus‘non
582 1972 701 2051 pettulit
714 1972 799 2047 ullos,

109 2051 141 2108 N
142 2071 175 2109 ec
190 2053 304 2110 victoris
318 2052 381 2110 heri
395 2053 489 2129 tetigit
501 2052 614 2130 captiva
628 2050 743 2120 cubile!

109 2130 183 2206 Nos,
197 2132 289 2207 patriti
302 2131 431 2217 incensi,
446 2132 559 2190 diversa
572 2149 624 2209 per
638 2149 752 2208 aequora
764 2138 866 2206 vectae,
911 2183 915 2189 .

112 2208 214 2286 Stirpis
227 2210 370 2268 Achilleae
384 2210 483 2287 fastus,
494 2210 692 2287 juvenemque
706 2207 871 2287 superbum,

112 2287 234 2345 Servitio
248 2287 353 2363 enixae,
368 2287 505 2361 tulimus3
527 2289 577 2365 qui
591 2289 706 2364 deinde,
721 2295 837 2347 secutus
886 2285 888 2290 ’
946 2288 952 2301 ”

110 2365 247 2422 Ledaeam
261 2366 450 2436 Hermionem
465 2366 762 2442 Lacedaemoniosque
775 2366 954 2443 hymenaeos,

111 2441 164 2497 Me
179 2442 285 2500 famulo
299 2443 494 2520 famulamque
508 2445 624 2502 Heleno
637 2444 794 2502 transmisit
806 2443 981 2505 habendam.
1085 2472 1089 2478 ⁴

111 2519 166 2575 Ast
179 2519 268 2584 illum,
283 2528 388 2594 ereptae
402 2540 507 2595 magno
521 2521 714 2579 inflammatus
728 2539 826 2579 amore

112 2597 263 2672 Conjugis,
279 2603 308 2653 et
321 2596 462 2654 scelerum
476 2597 557 2654 hrriis
570 2600 702 2672 agitatus,
718 2598 835 2656 Orestes

112 2674 234 2750 Excipit
246 2674 404 2749 incautum,
418 2673 582 2750 patriasque
597 2674 747 2733 obtruncat
761 2675 797 2732 ad
811 2694 882 2735 aras.

112 2753 209 2810 Morte
223 2752 411 2829 Neoptolemi
424 2771 578 2828 regnorum
592 2753 703 2823 reddita
716 2753 804 2812 cessit

111 2831 183 2888 Pars
197 2831 323 2905 Heleno,
338 2831 388 2907 qui
403 2831 551 2890 Chaonios
564 2832 736 2907 cognomine
750 2849 876 2909 campos,

112 2909 333 2987 Chaoniamque
347 2929 465 2968 omnem
481 2910 607 2989 Trojano
622 2931 639 2969 a
652 2910 773 2969 Chaone
787 2910 878 2985 dixit3

111 2987 318 3065 Pergamaque,
334 2988 510 3066 Iliacamque
518 2988 598 3082 jugis
612 2990 687 3048 banc
701 2989 810 3048 addidit
824 3008 928 3049 arcem.

113 3067 171 3123 Sed
185 3067 237 3124 tibi
251 3068 301 3144 qui
315 3086 432 3126 cursum
446 3075 536 3142 venti,
551 3087 615 3145 quae
629 3067 688 3126 fota
700 3066 832 3127 dedite?

112 3147 173 3202 Aut
185 3146 316 3220 quisnam
330 3147 461 3222 ignarum
474 3147 579 3205 nostris
593 3147 665 3204 deus
679 3146 788 3225 appulit
802 3147 882 3206 oris?

113 3222 193 3291 Quid
206 3242 277 3299 puer
290 3225 456 3282 Ascanius?
477 3233 641 3302 superatne,
657 3233 686 3285 et
698 3227 825 3284 vescitur
839 3226 930 3284 auri?

114 3300 211 3370 Quem
225 3300 278 3359 tibi
287 3303 348 3379 jam
363 3300 460 3380 Troja.
476 3345 484 3360 .
500 3345 507 3360 .
524 3345 530 3360 .

112 3378 217 3454 Ecqua
229 3387 326 3437 tamen
339 3398 430 3455 puero
443 3388 487 3439 est
501 3381 613 3440 amissae
629 3399 698 3439 cura
710 3381 859 3458 parentis?

113 3456 228 3532 Ecquid
241 3456 271 3514 in
287 3457 431 3533 antiquam
446 3459 581 3518 virtutem
596 3458 766 3535 animosque
779 3458 877 3517 viriles

113 3535 155 3593 Et
167 3541 249 3610 pater
262 3535 376 3592 AEneas
386 3544 416 3593 et
429 3536 588 3596 avunculus
601 3537 709 3596 excitat
722 3537 856 3595 Hector?

152 3611 237 3670 Talia
249 3612 388 3671 fundebat
399 3612 570 3690 lacrymans,
584 3614 686 3691 longos
706 3633 744 3672 ue
759 3613 855 3672 ciebat

113 3689 264 3752 Incassum
277 3690 380 3766 fletus3
401 3709 490 3769 quum
505 3711 569 3752 sese
584 3693 703 3754 amoeni
723 3711 757 3752 us
770 3691 856 3750 heros
