2400 4178
119 186 159 243 36
474 186 760 244 uaoselcottum

123 336 165 396 Et
177 337 274 396 medio
288 345 377 398 tosta
390 345 463 396 satu
475 338 542 397 serit
555 357 622 397 ares
634 338 739 415 noges.

122 416 228 476 Nudus
242 437 299 492 ara,
313 437 377 476 sere
390 417 504 475 nudus:
526 417 735 494 biemsignava
747 416 859 478 colono.
1081 462 1087 472 .

160 495 328 572 Frigoribus
340 503 421 573 parto
435 495 569 572 agricolae
583 497 753 575 plemmque
766 496 908 576 fruuntur,
1046 504 1111 562 300

120 570 283 651 Mutuaque
296 575 372 633 inter
384 593 416 632 se
429 574 489 633 laeti
502 574 637 633 convivia
649 584 758 634 curant

122 652 229 711 Invitat
241 653 363 730 genialis
375 653 480 728 menas,
495 672 635 730 curasque
649 653 768 714 resolvit
778 673 786 712 :

120 730 185 789 Ceu
198 750 304 808 presse
339 751 409 790 uum
422 734 484 810 jam
496 740 611 810 portum
624 731 866 809 tetigerecarinae

119 808 165 867 Pu
184 810 270 886 pibus
284 819 313 868 et
319 752 386 869 laeti
398 819 493 869 nautae
507 808 672 888 imposuere
684 830 814 870 coronas.

85 902 89 908 ·
120 829 185 946 sel
196 897 292 947 tamen
307 899 336 948 et
348 909 470 966 quernas
483 889 603 966 glandes
617 897 679 947 tum
692 891 831 967 stringere
846 899 972 970 tempus,
1046 896 1110 952 303

119 966 162 1025 Et
173 966 246 1026 lauri
259 967 374 1045 baccas,
389 969 551 1046 oleamque,
566 977 741 1046 amentaque
756 977 866 1046 myrta;
909 1020 912 1025 Α
1023 985 1026 990 ’

119 1045 197 1104 Tum
211 1046 329 1122 gruibus
341 1047 470 1124 pedicas,
485 1056 515 1106 et
528 1047 600 1105 retia
612 1066 720 1125 ponere
734 1048 837 1124 cervis,

117 1124 294 1202 Auritosque
308 1126 391 1203 sequi
404 1126 528 1202 lepores,
543 1134 604 1184 tum
618 1126 707 1203 figere
721 1127 820 1184 damas

119 1201 249 1280 Stuppea
262 1212 442 1282 torquentem
457 1204 588 1262 Balearis
600 1205 721 1264 verbera
733 1205 840 1280 binde,
881 1198 888 1209 ’
1036 1264 1043 1272 d

119 1282 217 1353 Quum
231 1284 284 1341 nix
298 1283 354 1342 alta
364 1286 452 1362 jacet,
466 1283 590 1359 glaciem
604 1290 693 1361 q'uum
706 1284 826 1342 flumina
838 1284 964 1343 trudunt
1046 1287 1110 1344 ³10

159 1361 238 1432 Quid
253 1371 439 1439 tempestates
454 1364 584 1420 autumni
598 1370 627 1421 et
640 1363 735 1421 sidera
748 1363 866 1420 dicam?
894 1387 897 1392 ·

117 1439 224 1516 Atque,
239 1441 290 1499 ubi
304 1443 366 1519 jam
376 1441 550 1517 breviorque
565 1442 627 1499 dies
641 1449 671 1499 et
684 1440 798 1499 mollior
811 1448 905 1516 testas,
982 1448 984 1452 '
1103 1468 1111 1476 ·

119 1517 194 1588 Quae
209 1520 355 1595 vigilanda
368 1519 446 1594 viris,
460 1520 508 1576 vel
522 1539 611 1596 quum
625 1519 681 1577 ruit
693 1518 872 1577 imbriferum
885 1537 946 1594 ver,

119 1596 224 1673 Spicea
233 1600 295 1675 jam
310 1598 422 1674 campis
436 1617 524 1674 quum
539 1598 641 1656 messis
655 1596 805 1673 inhorruit,
820 1605 850 1656 et
863 1616 951 1675 quum

118 1674 277 1734 Frumento
286 1676 320 1734 in
334 1676 418 1735 viridi
433 1677 539 1752 stipulis
552 1677 689 1735 lactentia
701 1684 816 1752 turgent
827 1680 839 1734 i
1045 1680 1110 1737 ³16

119 1752 205 1831 Saepe
221 1774 285 1832 ego,
300 1775 388 1833 quum
402 1755 484 1814 flavis
498 1774 656 1814 messorem
669 1755 821 1814 induceret
835 1755 909 1814 arvis

116 1834 262 1910 Agricola,
279 1843 308 1893 et
321 1834 414 1912 fragili
423 1837 485 1914 jam
498 1835 650 1912 ‘stringeret
662 1834 771 1893 hordea
784 1834 891 1910 culmo,
957 1848 963 1858 '

118 1911 225 1971 Omnia
239 1922 391 1972 ventorum
406 1933 576 1973 concurrere
589 1914 691 1991 pioelia
703 1914 773 1989 vidi,

118 1991 192 2063 Quae
208 1992 355 2068 gravidam
369 1993 426 2052 late
441 2003 569 2069 segetem
584 1992 620 2051 ab
634 1993 778 2050 radicibus
792 1991 858 2049 imis

118 2069 249 2130 Sublime
264 2066 415 2150 expulsam
429 2079 581 2144 eruerent3
602 2072 643 2128 ita
656 2070 769 2129 turbine
783 2071 872 2146 nigro.
1043 2074 1109 2132 ³20

116 2150 218 2209 Ferret
232 2149 327 2209 hiems
341 2151 527 2227 culmumque
540 2151 636 2208 levem
650 2148 828 2226 stipulasque
841 2148 981 2207 volantes.
1020 2210 1028 2218 „

117 2225 204 2305 Septi
219 2229 306 2287 etiam
319 2230 493 2288 immensum
507 2229 581 2287 coelo
593 2227 675 2286 venit
688 2246 791 2304 agmen
806 2245 953 2305 equarum,

115 2306 158 2365 Et
170 2307 276 2365 foedam
291 2308 451 2384 glomerant
464 2313 665 2385 tempestatem
678 2306 818 2366 imbribus
832 2309 899 2366 atris

116 2385 257 2445 Collectae
272 2405 310 2444 ex
324 2387 381 2446 alto
394 2386 487 2446 nubes
499 2407 507 2461 ;
528 2386 585 2445 ruit
598 2382 703 2444 arduus
717 2385 817 2462 aether,
1018 2427 1023 2432 -

115 2464 157 2523 Et
169 2464 268 2542 pluvii
282 2466 394 2543 ingenti
407 2475 469 2526 sata
481 2467 549 2525 laeta
562 2465 709 2541 boumque
722 2464 835 2524 labores
881 2474 884 2479 '
1042 2468 1107 2526 325

116 2543 229 2619 Diluit;
251 2545 409 2622 implentur
422 2546 517 2621 fosse,
532 2552 562 2603 et
575 2562 647 2601 cava
659 2543 779 2603 flumina
793 2551 927 2603 crescunt

115 2622 193 2681 Cum
208 2625 314 2700 sonitu,
329 2625 477 2704 fervetque
491 2625 570 2683 fretis
585 2622 758 2700 spirantibus
773 2643 879 2702 equor.

116 2701 130 2758 1
151 2722 183 2761 se
197 2704 293 2781 Pater,
308 2704 404 2763 medii
418 2704 582 2764 nimborum
595 2703 626 2760 in
640 2711 737 2779 nocte,
752 2703 873 2761 corusci

143 2782 254 2844 ulmina
268 2784 384 2844 molitur
397 2784 518 2858 dextri3
541 2802 598 2862 quo
612 2783 740 2840 maxima
753 2790 832 2840 motu

114 2859 206 2922 Terra
219 2866 323 2940 tremit,
338 2861 438 2940 sugere
451 2863 530 2938 ierae,
546 2869 576 2922 et
589 2860 720 2920 mortalia
733 2861 820 2919 corda
1027 2863 1030 2868 '
1045 2865 1108 2925 330

113 2938 172 2998 Per
184 2954 286 3020 gentes
300 2942 418 3003 humilis
433 2942 653 3021 stravit‘psvor:
675 2939 725 2997 ille
739 2933 869 3014 flagranti

113 3018 174 3080 Aut
186 3025 276 3100 Atho,
292 3032 342 3083 aut
354 3003 539 3099 Rhodopen}³
547 3029 596 3081 aut
609 3019 666 3077 alta
680 3016 825 3076 Ceiaunia
838 3015 896 3074 telo

112 3096 242 3180 Dejicit;
264 3102 447 3181 ingeminant
456 3099 547 3160 ¹austri
561 3101 591 3160 et
604 3096 792 3157 densissimus
805 3094 916 3166 imber;

111 3174 202 3240 Nunc
216 3203 336 3245 nemora
350 3180 462 3257 ingenti
475 3190 573 3257 vento,
588 3194 667 3236 nunc
681 3174 786 3251 littora,
799 3173 947 3251 plangrmt.

150 3256 219 3322 Hoc
233 3275 379 3337 metuens,
393 3260 459 3318 coeli
473 3279 588 3338 menses
600 3263 632 3325 ,et
645 3253 740 3312 sidera
753 3271 845 3329 serva,
1046 3263 1109 3324 335

110 3333 230 3414 Frigida
245 3341 365 3406 Saturni
378 3359 442 3398 sese
457 3335 513 3416 qub
528 3337 612 3397 stella
625 3341 763 3409 receptet,

110 3412 194 3483 Quos
208 3424 283 3501 ignis
297 3420 369 3484 coeli
383 3417 534 3494 Cyllenius
548 3420 624 3476 erret
636 3412 667 3469 in
681 3412 774 3471 orbes.

148 3494 298 3580 Inprimis
312 3515 456 3563 venerare
471 3497 551 3571 deos,
566 3504 652 3570 atque
667 3502 763 3550 annua
775 3501 889 3568 magnae
983 3554 988 3562 .

108 3569 198 3637 Sacra
211 3585 286 3645 refer
299 3575 418 3651 cereri,
431 3574 506 3632 laetis
520 3580 654 3650 operatus
667 3569 698 3628 in
712 3570 820 3646 herbis,

105 3649 256 3724 Extremae
272 3664 330 3726 sub
348 3672 448 3714 essum
463 3651 578 3728 hiemis,
589 3655 651 3731 jam
664 3668 733 3709 vere
747 3666 870 3710 sereno:
1046 3658 1113 3717 34η

103 3727 191 3795 Tune
204 3744 336 3824 pingues
355 3732 431 3808 agni,
445 3737 475 3788 et
488 3729 742 3790 tunem'ollissima
753 3729 831 3805 vina,
