2400 4178
104 197 142 259 ss
453 195 739 253 enonfflconunr

144 345 251 424 Tuque
264 347 343 422 ades,
356 345 562 422 inceptumque
575 345 635 403 nni
648 344 767 402 decurre
780 343 920 424 laborem,

106 423 249 501 Odecns,
260 444 280 485 o
289 424 377 485 fimas
390 421 493 481 meritd
506 441 573 501 pars
586 422 713 480 maxima
731 431 845 498 nostre,
971 421 974 426 ’
1043 432 1090 487 4ο

105 501 265 578 Maecenas,
276 500 439 580 pelagoque
452 496 552 558 volans
566 501 604 556 da
616 500 681 557 vela
693 502 812 576 patenti.

105 578 175 640 Non
189 599 244 655 ego
255 587 362 638 cuncta
371 579 444 636 meis
459 578 594 654 amplecti
608 577 738 634 versibus
752 586 837 653 opto;

105 656 185 732 Non,
199 657 273 715 mihi
285 656 310 714 si
322 656 430 732 lingue
444 665 562 713 eentum
576 655 643 728 sint,
657 674 764 732 oraque
775 664 903 734 centum,

105 734 213 792 Ferrea
225 753 283 791 vox
294 753 301 790 :
312 735 401 806 -sdes,
416 741 446 790 et
457 734 544 809 primi
557 733 620 808 lege
634 732 737 790 littoris
752 752 850 807 oram;

106 811 142 868 In
155 811 289 869 manibus
303 818 401 869 temae:
422 827 481 868 non
495 809 544 868 hic
557 818 587 868 te
601 811 728 868 carmine
741 811 819 886 licto,
1044 818 1090 873 48
1149 878 1154 887 .

105 891 145 947 At
165 908 202 947 ue
215 909 268 965 per
281 889 416 964 ambages
430 897 460 947 et
472 888 558 963 longa
571 907 682 963 exorsa,
697 888 811 946 tenebo.

146 909 255 1043 {ponte
269 966 322 1024 sui
333 986 398 1043 quae
413 985 445 1024 se
458 967 563 1024 tollunt
575 967 605 1023 in
619 966 737 1024 luminis
752 984 844 1042 auras,

106 1043 278 1102 Insoecunda
291 1045 419 1121 quidem,
433 1046 486 1103 sed
498 1044 566 1104 licta
579 1053 609 1102 et
621 1044 703 1102 sortia
718 1054 857 1119 surgunt-t

106 1123 224 1198 Quippe
239 1123 299 1180 solo
313 1133 415 1181 natura
427 1122 535 1181 subest.
577 1122 691 1179 Tamen
706 1121 771 1180 haec
786 1142 901 1201 quoquc
915 1124 940 1181 si
952 1124 1019 1201 quis

106 1200 225 1275 luserat,
241 1209 290 1258 aut
304 1201 583 1259 scrobibusnnandet
596 1208 705 1258 mutato
718 1201 855 1277 subactis,
1046 1207 1092 1263 60

105 1278 249 1336 Exuerint
263 1278 422 1338 silvestrem
437 1278 577 1352 animum,
591 1279 730 1355 cultuque
740 1278 882 1355 frequenti

106 1356 140 1414 ln
152 1375 350 1434 quascumque
363 1376 450 1416 voces
464 1365 538 1414 artes
551 1357 631 1414 haud
644 1357 724 1413 tarda
737 1365 902 1432 sequentur.
1024 1412 1027 1417 .

105 1435 136 1492 N
138 1454 172 1492 ec
185 1454 243 1492 non
254 1445 283 1493 et
296 1436 399 1495 sterilis
413 1454 478 1511 quie
494 1433 629 1511 stirpibus
643 1435 704 1490 exit
718 1434 753 1490 ab
767 1434 836 1492 imis
854 1501 857 1513 Ι

106 1513 173 1570 Hoc
184 1504 279 1588 laciess
293 1532 402 1570 vacuos
415 1514 440 1571 si
454 1513 491 1570 sit
504 1512 615 1586 digesta
627 1530 679 1587 per
693 1530 774 1586 egros
787 1531 793 1568 :

105 1590 195 1648 Nunc
206 1590 270 1648 altae
284 1590 399 1648 frondes
413 1597 443 1647 et
450 1590 527 1654 ¹rami
541 1589 639 1646 matris
653 1598 784 1665 opacant,

106 1668 315 1744 crescentique
329 1669 461 1725 adimunt
470 1668 565 1742 ioetus,
580 1675 725 1744 uruntque
737 1667 889 1726 ferentem.

145 1745 211 1803 Jam
225 1766 289 1822 quae
304 1746 465 1804 seminibus
474 1746 560 1825 jactis
574 1764 605 1803 se
620 1746 735 1803 sustulit
749 1746 831 1804 arbos

106 1823 203 1881 Tarda
215 1825 303 1899 venit,
318 1826 390 1887 seris
397 1824 511 1883 lactura
523 1824 678 1901 nepotibus
692 1824 824 1881 umbram
835 1844 843 1897 ;

106 1901 255 1980 Pomaque
269 1903 454 1978 degenerant,
469 1921 571 1961 succos
584 1902 674 1960 oblita
686 1903 812 1979 priores;

106 1979 148 2037 Et
160 1988 268 2056 turpes,
283 1981 384 2039 avibus
397 1983 535 2057 praedam,
550 1980 604 2037 fert
613 1999 672 2037 uva
685 1998 824 2037 racemos

108 2057 226 2116 Scilicet
239 2060 373 2116 omnibus
388 2067 431 2116 est
443 2059 524 2115 labor
536 2057 758 2134 impendendus,
773 2066 803 2115 et
816 2076 919 2114 omnes

106 2136 253 2210 Cogendae
268 2137 298 2193 in
313 2136 438 2210 sulcum,
454 2154 487 2192 sc
501 2135 592 2192 multi
605 2135 739 2191 mercede
753 2135 918 2192 domandae.

147 2215 205 2271 Sed
219 2214 326 2271 truncis
340 2214 412 2270 oleae
427 2210 541 2287 meliis,
558 2213 715 2288 propagine
728 2213 812 2287 vites,
887 2233 890 2240 ·

105 2290 307 2367 Respondent,
320 2291 413 2349 solido
427 2290 548 2366 Paphiae
562 2291 599 2347 de
612 2290 714 2348 robore
728 2299 857 2365 myrtus:

106 2368 218 2426 Plantis
233 2378 262 2427 et
275 2370 354 2426 durae
366 2368 456 2443 coryli
466 2376 631 2440 nascuntur,
647 2375 676 2424 et
689 2367 792 2444 ingens

106 2446 262 2520 Fraxinus,
277 2446 491 2523 Herculemque
505 2445 588 2504 arbos
602 2444 738 2503 umbrosa
751 2464 876 2521 corone,

107 2524 290 2601 Chaoniique
303 2524 390 2600 patris
404 2524 540 2600 glandes3
562 2523 649 2580 etiam
664 2524 753 2580 ardua
769 2525 868 2600 palma

106 2601 252 2677 Nascitur,
268 2611 296 2660 et
309 2621 392 2659 casus
407 2601 486 2659 abies
498 2603 595 2660 visura
607 2601 741 2659 marinos
876 2674 878 2678 Α

108 2679 246 2738 Inseritur
258 2677 327 2738 verd
342 2687 371 2739 et
383 2679 454 2738 fretu
467 2679 550 2737 nucis
564 2678 681 2737 arbutus
695 2678 830 2753 horrida;

107 2757 149 2816 Et
161 2759 271 2817 steriles
284 2757 392 2834 platani
405 2759 496 2816 malos
510 2755 626 2832 gessere
639 2757 786 2830 valentes3
943 2783 948 2790 ·
1047 2761 1093 2818 ’10
1153 2783 1158 2789 ·

107 2836 257 2895 Castaneae
271 2835 361 2911 sagus,
376 2854 519 2911 ornusque
532 2835 661 2894 incanuit
674 2835 740 2893 albo

106 2914 193 2972 Flore
207 2915 261 2990 piri
272 2933 280 2986 ;
301 2912 492 2989 glandemque
505 2931 572 2972 sues
585 2911 696 2988 fregere
710 2912 763 2970 sub
776 2911 870 2970 ulmis.
979 2928 981 2937 ¹

146 2993 211 3050 Nec
225 2991 327 3048 modus
341 2991 476 3064 inserere,
492 2999 576 3067 atque
591 2992 689 3048 oculos
702 2991 860 3066 imponere,
876 2988 1015 3068 simplex:
1063 3046 1072 3066 ι,

106 3069 185 3128 Nam
199 3069 256 3145 quis
269 3087 301 3134 se
315 3069 411 3125 medio
424 3069 542 3126 trudunt
555 3070 592 3125 de
606 3068 712 3126 cortice
725 3086 856 3143 gemme,

108 3147 149 3205 Et
159 3156 261 3205 tenues
274 3155 409 3222 rumpunt
423 3147 543 3221 tunicas,
558 3157 695 3221 angustus
708 3146 738 3203 in
752 3146 815 3221 ipso
1042 3148 1091 3205 '15

108 3224 157 3283 Fit
170 3226 245 3281 nodo
260 3225 355 3297 sinus,
377 3225 434 3281 huc
450 3225 544 3282 olienis
558 3243 595 3282 ex
609 3224 708 3281 arbore
719 3240 837 3298 germen
873 3246 878 3257 ·

109 3302 273 3376 Includunt,
288 3303 403 3378 udoque
417 3302 523 3361 docent
536 3303 694 3360 inolescere
707 3301 799 3359 libro:
883 3306 885 3310 '

108 3383 168 3439 Aut
180 3399 290 3438 rursum
305 3381 412 3438 euodes
426 3381 519 3439 trunci
531 3387 705 3453 resecantur,
721 3387 750 3437 et
762 3375 819 3437 altri

44 3513 49 3523 ,
108 3459 241 3517 Finditur
254 3459 284 3516 in
298 3458 421 3516 solidum
435 3459 534 3518 cuneis
547 3458 611 3530 via;
634 3457 738 3514 deinde
752 3458 862 3515 feraces

108 3536 219 3595 Planta
232 3537 439 3595 immittuntur:
459 3554 516 3594 nec
528 3536 646 3610 longum
659 3543 782 3612 tempus,
797 3536 954 3612 et'ing'ens'
1046 3537 1101 3594 80.

108 3614 191 3672 Exiit
204 3615 240 3672 ad
254 3614 358 3672 coelum
372 3615 457 3672 ramis
470 3613 601 3671 felicibus
614 3613 706 3688 arbos,

108 3691 288 3769 Miraturque
302 3711 391 3752 novas
404 3692 519 3752 frondes
532 3699 561 3751 et
574 3711 633 3750 non
647 3711 698 3751 sua
710 3710 806 3770 poma.
