2370 4176
114 194 169 265 up
525 193 707 249 mnnrnos

112 341 260 421 Supplicia
274 340 398 416 erubuit,
412 358 573 416 corpusque
586 359 734 416 exsangue
747 341 880 419 sepulcro

110 421 254 479 Reddidit
266 420 453 492 Hectoreum,
468 437 572 494 meque
586 419 616 477 in
631 438 698 477 mea
709 436 799 495 regna
811 419 930 479 remisit.

112 499 162 558 Sic
176 499 252 561 fatua
264 498 368 572 aenior,
382 496 530 574 telumque
544 497 660 555 imbelle
673 497 736 555 sine
749 498 809 556 ictu

111 576 257 656 Conjecit,
271 595 356 637 rauco
369 576 447 668 quod
459 575 590 653 protinus
604 594 660 633 aere
674 575 832 652 repulsum,
1039 584 1100 641 545

111 655 154 713 Et
166 674 278 714 summo
292 655 319 713 cl
360 674 389 713 er
402 654 597 730 nequidquam
609 653 737 735 umbone
749 654 898 732 pependit.

111 732 169 791 Cui
182 732 310 809 Pyrrhus
319 674 471 791 :preseres
484 750 552 807 ergo
565 732 629 790 lraec
643 739 674 790 et
686 733 805 793 nuntius
819 733 876 793 ibis

110 809 222 873 Peliae
236 811 376 886 genitori:
398 811 440 868 illi
455 829 521 867 mea
534 810 625 869 tristia
637 810 722 885 lacta,

111 887 356 966 Degeneremque
369 889 606 966 Neoptolemum,
621 907 734 946 narrare
748 897 905 948 memento.

109 966 141 1026 N
143 986 199 1024 unc
213 986 334 1025 morere.
376 968 445 1027 Hoc
457 969 566 1041 dicens,
582 966 680 1024 altaria
693 968 728 1024 ad
742 967 806 1044 ipsa
818 976 991 1029 trementem
1038 973 1098 1029 560

110 1044 222 1119 Traxit,
238 1053 267 1104 et
279 1046 311 1103 in
324 1044 415 1104 multo
428 1047 588 1122 lapsantem
602 1045 743 1120 sanguine
756 1045 833 1120 nati;

111 1121 316 1201 Implicuitqne
330 1143 444 1182 comem
457 1126 542 1198 laevrt,
556 1124 714 1200 dextrique
728 1142 881 1184 coruscum

112 1200 229 1265 Extulit
243 1222 275 1260 ac
290 1202 372 1261 lateri
385 1203 489 1279 capulo
504 1213 589 1261 tenus
602 1201 713 1259 obdidit
725 1221 834 1261 ensem.

113 1278 188 1338 Haec
204 1281 269 1338 linis
283 1280 393 1338 Priami
406 1280 547 1353 latorum;
569 1281 618 1338 hic
633 1281 727 1338 exitus
741 1281 822 1340 illum

112 1358 195 1417 Sorte
209 1358 283 1434 tulit,
298 1359 417 1438 Trojam
431 1359 579 1417 incensam
594 1371 623 1416 et
635 1360 768 1436 prolapsa
781 1360 928 1419 videntem
1002 1394 1006 1400 ·
1039 1365 1097 1418 555

110 1435 262 1512 Pergama,
276 1445 319 1495 tot
331 1439 477 1513 quondam
490 1438 605 1514 populis
618 1437 758 1511 terrisque
772 1437 929 1514 superbum
977 1436 980 1442 ’

109 1514 305 1589 Regnatorem
320 1516 409 1574 Asiae.
448 1516 466 1572 J
468 1527 532 1572 acet
545 1517 647 1590 ingens
661 1515 755 1572 littore
770 1523 898 1591 truncus,
935 1530 939 1537 ’

109 1592 309 1670 Avulsumque
323 1591 451 1650 humeris
465 1602 560 1669 caput,
575 1601 606 1650 et
617 1593 680 1650 sine
695 1593 812 1651 nomine
825 1613 939 1671 corpus·

150 1673 189 1729 At
202 1690 250 1727 me
263 1681 323 1729 tum
337 1668 462 1747 primirm
477 1691 571 1729 saevus
585 1672 776 1731 circumstetit
788 1672 903 1732 horror:
1059 1714 1062 1719 ·

111 1747 272 1826 Obstupui:
294 1748 383 1809 subiit
395 1751 453 1807 cari
467 1750 604 1826 genitoris
618 1752 723 1827 imago,
959 1817 963 1823 ,
1004 1750 1098 1809 “-’560

110 1827 153 1887 Ut
166 1847 263 1905 regem
278 1848 438 1906 aquenum
451 1830 562 1888 crudeli
575 1830 694 1888 vulnere
707 1829 769 1887 vidi
1087 1829 1089 1834 ’

109 1905 210 1965 Vitam
225 1906 425 1982 exhalantem
448 1908 535 1967 subiit
548 1910 661 1967 deserta
674 1908 795 1984 Crei'rsa,

110 1983 154 2043 Er
165 1986 277 2062 direpta
290 1987 404 2061 domus,
418 1996 448 2045 et
460 1988 542 2064 parvi
556 2006 640 2046 casus
655 1986 720 2044 liili.

108 2062 260 2140 Respicio‚
276 2073 305 2122 et
318 2085 382 2142 quae
397 2065 434 2123 sit
448 2084 495 2122 me
509 2065 617 2123 circum
630 2066 714 2141 copia
726 2065 825 2122 lustro

109 2141 275 2200 Deseruere
288 2161 389 2201 omnes
403 2142 518 2216 defessi,
534 2150 563 2200 et
573 2162 694 2219 corpora
706 2142 781 2200 saltu
928 2162 932 2169 ·
1037 2146 1097 2201 565

108 2220 156 2278 Ad
168 2228 270 2277 terram
281 2219 396 2295 misere,
411 2229 459 2277 sut
472 2220 587 2296 ignibus
602 2239 678 2296 aegra
691 2218 807 2278 dedere.

147 2298 269 2373 Jamque
284 2295 356 2356 aded
371 2317 457 2374 super
469 2317 545 2356 unus
558 2300 655 2371 e'ram3
678 2317 766 2375 quum
781 2297 883 2356 limina
894 2297 995 2358 Vesta

110 2376 279 2435 Servantem
294 2385 324 2435 et
335 2378 452 2437 tacitam
466 2378 577 2436 secreti
591 2378 621 2435 in
635 2379 704 2436 sede
718 2377 856 2435 latentem
937 2426 940 2431 .

109 2454 276 2531 Tyndarida
290 2455 438 2534 adspicio:
460 2456 530 2514 dant
543 2456 621 2514 clare
634 2455 772 2514 incendia
780 2455 878 2513 lucem

109 2534 234 2609 Errantq
249 2534 413 2612 passimque
427 2535 526 2593 oculos
539 2554 592 2613 per
605 2534 709 2594 cuncta
721 2534 836 2594 serenti.
863 2602 866 2608 ,
1035 2538 1096 2594 570

110 2612 165 2670 Illa
178 2613 232 2671 sibi
246 2613 365 2673 infestos
379 2633 480 2674 eversa
493 2614 530 2673 ob
544 2615 687 2691 Pergama
699 2614 839 2691 Teucros,

109 2691 150 2751 Et
163 2712 264 2769 poenas
278 2694 423 2771 Deuade,
438 2702 468 2754 et
481 2695 588 2755 deserti
601 2694 733 2774 conjugis
746 2694 812 2769 iras,

110 2770 320 2848 Premetuens,
334 2773 430 2851 Trojre
444 2782 474 2832 et
485 2775 585 2851 patriae
600 2773 761 2834 communis
774 2772 912 2847 Erinnys,

109 2850 268 2910 Abdiderat
281 2870 355 2925 sese,
371 2862 456 2928 atque
470 2853 525 2911 aris
538 2851 633 2910 invisa
647 2848 775 2908 sedebat.

110 2926 255 2986 Exarsere
269 2930 352 3004 ignes
366 2930 479 3002 anim03
502 2931 579 2991 subit
591 2929 634 2987 ira
647 2928 799 2987 cadentem
1035 2930 1095 2987 5⁹15

110 3006 221 3065 Ulcisci
234 3008 365 3084 patriam,
381 3017 411 3065 et
423 3010 575 3068 sceleratas
589 3025 703 3066 sumere
717 3023 827 3083 poenas.

112 3085 231 3144 Scilicet
243 3084 308 3145 hec
324 3087 454 3163 Spartam
468 3087 621 3146 incolumis
634 3086 797 3162 patriasque
810 3081 955 3158 Mycenas

110 3165 270 3242 Adspiciet,
279 3173 419 3243 partoque
433 3164 486 3225 ibit
499 3168 597 3242 regina
610 3161 777 3239 triumpho?

111 3244 355 3320 Cou'ugiumque,
371 3244 556 3320 domumque,
570 3251 676 3320 patres,
688 3249 840 3316 natosque,
853 3237 975 3316 videbit,

112 3266 237 3381 iliadum
250 3320 334 3381 urba
348 3332 377 3380 et
390 3322 524 3398 Phrygiis
538 3323 673 3380 comitata
686 3319 842 3401 ministris?
935 3328 941 3337 '
1034 3322 1094 3378 580

112 3401 261 3461 Occiderit
273 3402 347 3459 ferro
361 3401 513 3459 Priamus?
535 3401 624 3479 Troja
637 3400 736 3459 arserit
749 3399 831 3476 igni?
1088 3435 1090 3439 -

111 3479 291 3539 Dardanium
304 3481 389 3539 toties
403 3479 511 3538 sudririt
524 3479 664 3555 sangnine
678 3479 778 3539 littus?
852 3507 855 3512 ·

111 3558 184 3623 Nun
195 3558 244 3633 ita,
258 3578 383 3636 namque
397 3556 452 3620 etsi
463 3558 576 3617 nullum
591 3558 778 3617 memorabile
791 3575 900 3617 nornen

112 3637 266 3699 Feminet
279 3638 310 3698 in
323 3639 413 3717 poent
424 3642 480 3714 est,'
491 3657 546 3697 nec
559 3638 649 3698 habet
661 3639 780 3698 victoria
792 3636 922 3712 laudern,
