2400 4178
89 190 143 249 l&
492 187 674 245 ENEIDOS

87 341 129 401 Et
142 340 286 400 tumulum
299 338 387 416 capit,
401 339 478 397 unde
492 357 594 397 omnes
606 339 693 415 longo
706 339 807 396 ordine
820 339 912 417 possit

86 421 233 479 Adversas
247 420 352 495 legere,
367 427 396 476 et
408 416 577 477 venientdm
591 419 702 476 discere
716 418 820 476 vultus.
1009 424 1081 483 ’156

125 499 156 558 N
158 519 214 557 unc
229 518 291 575 age,
305 498 480 556 Dardaniam
493 498 602 575 prolem
617 516 681 574 quae
695 497 801 557 deinde
814 507 950 577 sequetur

86 578 195 655 Gloria,
210 580 258 653 qui
273 586 407 635 maneant
422 577 495 635 Itala
509 578 545 634 de
559 589 645 651 gente
659 587 789 654 nepotes,

86 657 214 721 lllustres
229 657 346 730 animas,
361 665 546 731 nostmmque
560 658 590 713 in
603 677 710 715 nomen
724 657 822 732 ituras,

86 737 249 814 Expediam
263 735 355 809 dictis,
370 744 399 793 et
412 744 441 793 te
455 745 504 793 tua
515 735 573 792 sata
586 735 705 794 docebo.

86 816 150 891 llle,
165 816 255 889 vides,
269 814 341 892 puri
350 816 468 892 juvenis
482 814 531 890 qui
546 814 644 873 nititur
657 815 749 890 hasti,
1008 822 1076 877 '160

84 894 222 953 Proxima
235 902 316 957 sorte⁴
324 902 403 951 tenet
415 893 489 952 lucis
502 895 583 968 loca3
604 895 715 971 primus
729 896 764 953 ad
779 913 864 953 auras

84 973 232 1032 AEtberias
247 972 319 1031 ltalo
333 974 506 1031 commixtus
520 974 659 1049 sanguine
674 982 781 1049 surget,

86 1053 201 1127 Silvius,
216 1053 360 1110 Albanum
375 1071 491 1126 nomen,
506 1061 556 1110 tua
569 1062 700 1129 postuma
713 1054 829 1130 proles;
858 1110 862 1117 ,

85 1131 183 1203 Quem
197 1132 248 1189 tibi
262 1131 393 1206 longaevo
407 1150 501 1189 semm
516 1132 637 1189 Lavinia
650 1135 758 1210 conjux

84 1210 201 1269 Educet
214 1212 293 1269 silvis
307 1230 414 1286 regem,
428 1230 585 1287 regumque
599 1222 745 1287 parentem
761 1232 769 1285 3
1009 1216 1077 1273 ’165

84 1290 172 1349 Unde
187 1310 277 1366 genus
291 1291 377 1365 longai
391 1300 519 1348 nostrum
534 1291 726 1349 dominabitur
738 1291 823 1349 Albi.

84 1369 237 1428 Proximus
251 1370 299 1427 ille
313 1370 431 1444 Procas,
446 1370 579 1447 Trojanae
594 1370 683 1445 gloria
696 1371 805 1445 geratis;

84 1448 125 1508 Et
139 1450 253 1525 Capys;
269 1458 298 1507 et
311 1449 341 1507 N
344 1450 463 1521 amitor;
485 1459 523 1522 et,
538 1449 588 1524 qui
602 1460 630 1506 te
644 1450 759 1506 nomine
774 1449 884 1525 reddet,

85 1528 191 1586 Siltius
205 1529 325 1601 AEneas,
339 1529 444 1604 pariter
456 1528 562 1603 pictate
575 1527 622 1583 vel
637 1528 721 1585 armis
756 1552 760 1559 ·

84 1606 236 1682 Egregius,
251 1608 275 1663 si
289 1626 414 1682 uuquam
429 1607 603 1682 regnandam
618 1607 762 1683 acceperit
774 1607 889 1666 Albam.
1008 1611 1079 1670 770

85 1687 144 1757 Qui
155 1689 278 1764 juvenes
291 1694 411 1761 quantas
424 1694 577 1759 ostentant,
593 1685 718 1762 adspice,
734 1688 826 1745 vires!

83 1768 124 1824 At
138 1767 185 1841 qui
200 1764 329 1823 umbrata
342 1774 445 1841 gerunt
458 1766 536 1823 cirili
550 1775 679 1843 tempora
691 1786 808 1842 quercu,

84 1844 126 1904 Hi
140 1845 192 1903 tibi
206 1845 396 1920 Nomentum,
412 1854 442 1904 et
455 1845 573 1920 Gabios,
588 1845 747 1921 urbemque
761 1847 921 1920 Fidenam

84 1924 126 1982 Hi
140 1925 297 1983 Collatinas
311 1926 461 2002 imponent
474 1925 619 1984 montibus
633 1944 722 2001 arces,

83 2002 241 2080 Pometios,
256 2013 437 2081 castrumque
451 2005 527 2078 Inui,
542 2004 711 2080 Bolamque,
727 2005 910 2080 Coramque:
1009 2012 1078 2068 ’175

84 2083 159 2141 Haec
174 2093 235 2142 tum
250 2085 367 2141 nomina
380 2092 472 2158 erunt,
487 2102 565 2140 nunc
579 2092 647 2141 sunt
661 2084 722 2141 sine
737 2084 854 2141 nomine
868 2092 960 2142 terras.

85 2161 164 2232 Quin
179 2171 208 2220 et
221 2182 274 2219 avo
288 2164 422 2220 comitem
437 2181 500 2219 sese
516 2162 677 2219 Mavortius
692 2163 778 2219 addet

82 2240 234 2316 Romulus,
250 2241 382 2298 Assaraci
396 2259 483 2316 quem
498 2241 645 2316 sanguinis
660 2241 714 2297 llia
727 2248 817 2298 mater

83 2319 208 2377 Educet.
249 2320 358 2377 Videu’
372 2328 404 2377 ut
416 2320 540 2395 geminae
554 2328 630 2378 stant
642 2321 749 2378 vertice
764 2320 870 2396 cristae,

83 2398 124 2456 Et
137 2407 217 2474 pater
231 2398 292 2476 ipse
306 2418 358 2456 suo
372 2399 506 2476 superium
518 2402 579 2477 jam
593 2400 687 2475 signat
700 2399 832 2457 honore?
1010 2405 1079 2464 ’180

82 2476 130 2534 En
146 2477 242 2556 hujus,
256 2486 332 2552 nate,
348 2479 483 2555 auspiciis
496 2480 545 2537 illa
559 2479 667 2555 inclyta
678 2480 775 2537 Roma

83 2556 239 2633 Imperium
253 2557 345 2634 terris,
360 2558 471 2616 animos
486 2559 610 2636 aequabit
623 2559 759 2636 Olympo,

84 2636 259 2714 Septemque
274 2656 332 2695 una
345 2638 400 2696 sibi
413 2658 496 2697 muro
510 2639 699 2698 circumdabit
713 2656 803 2714 arces,

82 2716 168 2775 Felix
182 2717 261 2794 prole
275 2717 387 2775 virrim:
409 2719 502 2794 qualis
517 2720 690 2796 Berecyntia
703 2727 793 2776 mater
1124 2770 1127 2775 .

83 2796 233 2855 Invehitur
247 2817 330 2856 curru
343 2798 484 2874 Phrygias
498 2800 598 2856 turrita
609 2818 663 2874 per
675 2797 771 2872 urbes,
1009 2800 1078 2859 ⁷85

82 2877 164 2935 Laeta
178 2876 264 2934 deirm
277 2886 369 2954 partu,
385 2886 502 2935 centum
515 2877 667 2952 complexa
679 2884 809 2952 nepotes,
847 2879 849 2882 ’

83 2955 194 3014 Omnes
208 2954 361 3029 coelicolas,
376 2974 477 3012 omnes
491 2974 595 3031 supera
608 2955 664 3012 alta
677 2964 817 3013 tenentos.

82 3033 150 3091 Huc
165 3034 293 3108 geminas
305 3051 383 3090 nnnc
396 3033 481 3091 flecte
495 3035 590 3091 acies:
612 3033 686 3091 hanc
702 3035 818 3110 adspice
832 3038 959 3109 gentem,

81 3112 288 3186 Romanosque
302 3120 375 3169 tuos.
417 3110 476 3170 Hic
490 3113 597 3186 Caesar,
613 3121 642 3170 et
655 3113 748 3170 omnis
763 3113 820 3170 li'rli

82 3190 250 3266 Progenies,
265 3208 401 3264 magnum
416 3191 481 3249 coeli
495 3199 615 3249 ventura
628 3192 681 3249 sub
696 3211 789 3249 axem.
1007 3196 1075 3253 ’100
1173 3194 1176 3205 “

83 3271 142 3329 Hic
156 3271 208 3345 vir,
223 3270 270 3327 bic
284 3277 336 3344 est,
350 3269 402 3328 tibi
416 3289 502 3345 quem
515 3271 641 3346 promitti
655 3268 760 3347 saepiirs
775 3270 865 3346 audis,

82 3352 230 3427 Augustus
245 3349 352 3422 Oaesar,
367 3348 426 3407 divi
440 3368 549 3425 genus3
572 3368 658 3408 aurea
671 3351 776 3409 condet

85 3430 198 3488 Saecula
211 3428 261 3505 qui
274 3448 369 3487 mrsus
383 3430 475 3504 Latio,
489 3438 606 3504 regnata
617 3449 669 3506 per
683 3450 750 3488 arva

85 3510 207 3568 Saturno
220 3509 364 3584 quondam
375 3529 383 3582 3
404 3528 490 3586 super
503 3517 532 3566 et
547 3509 733 3574 Garamantas
748 3518 777 3568 et
790 3509 878 3568 ludos

83 3587 212 3646 Proleret
225 3588 397 3664 imperium:
413 3590 492 3666 jacet
505 3597 586 3646 extra
599 3589 693 3647 sidera
704 3589 803 3665 tellus,
1007 3592 1077 3651 ’Μ

86 3667 178 3725 Extra
191 3667 258 3725 anni
272 3667 397 3744 solisque
410 3669 481 3744 vias,
495 3666 546 3725 ubi
558 3669 668 3728 coeliser
681 3669 764 3729 aaa
