2400 4178
74 202 128 259 lat
476 198 658 257 AENEIDOS

72 352 231 431 Neptunus
242 352 338 411 ventis
351 351 483 431 implevit
495 351 561 411 vela
573 349 719 427 secundis,

73 435 169 569 Atpue
183 432 279 509 fugam
294 431 382 506 dedit,
397 440 427 489 et
443 440 547 509 praeter
559 431 634 489 vedu
646 428 756 487 fervida
768 428 856 487 vexit.

132 530 238 587 amque
252 509 422 570 rubescebat
434 511 520 568 radiis
534 529 622 585 mare,
636 517 666 567 et
679 508 788 568 ethere
802 507 838 567 sb
852 507 910 567 alto

72 592 184 649 Aurora
196 591 226 648 iu
241 590 330 649 roseis
342 589 470 665 fulgebat
483 590 562 647 lutea
573 588 665 665 bigis:

74 669 173 741 Quum
186 671 265 729 venti
279 667 410 746 posuere,
425 669 575 745 omnisque
590 665 708 745 repente
723 666 829 725 resedit

72 748 182 824 Fletus,
196 758 226 807 et
238 750 268 807 in
282 750 360 806 lento
373 746 516 807 luctantur
530 766 669 805 marmore
683 756 782 805 tonsae.

72 828 170 905 Atque
185 827 233 887 hie
247 828 359 886 AEneas
372 828 518 902 ingentem
533 846 570 884 ex
585 844 700 903 aequore
713 826 811 883 lucum

72 906 222 999 Prospicit.
264 907 352 965 Hunc
366 908 440 965 inter
453 906 540 963 tlurio
554 905 709 964 Tiberinus
723 923 846 979 anniano,

72 985 239 1045 Vorticibus
254 987 368 1064 rapidis,
383 986 516 1044 etmulti
530 984 621 1043 flatus
635 985 731 1059 areni,

73 1064 108 1123 ln
122 1085 200 1123 mare
213 1067 388 1143 prorumpit:
409 1065 496 1123 veria
511 1061 679 1140 circumque
693 1060 836 1141 suprdque

72 1146 204 1203 Assuetae
218 1146 287 1222 ripis
300 1145 431 1203 volucres
446 1152 475 1201 et
487 1143 613 1202 fluminis
627 1143 709 1202 alveo

72 1224 195 1282 AEthera
208 1224 371 1283 mulcebant
384 1230 479 1298 cantu,
493 1223 616 1299 lucoque
629 1222 773 1280 volabant

72 1302 205 1362 Flectere
220 1305 274 1362 iter
286 1304 381 1376 sociis,
396 1313 535 1378 terraque
551 1303 698 1360 advertere
707 1318 814 1379 proras,

73 1382 119 1441 lm
142 1391 211 1458 erat,
226 1392 256 1441 et
269 1383 352 1441 laetus
365 1383 453 1441 lluvio
468 1382 597 1440 succedit
611 1399 711 1457 opaco.

143 1482 200 1520 unc
215 1481 277 1538 age,
292 1463 341 1539 qui
356 1481 447 1534 reges,
464 1461 562 1533 Erato,
577 1478 641 1533 quae
655 1468 785 1533 tempora
798 1475 903 1531 rerum,

73 1539 148 1612 Quis
162 1542 245 1599 Latio
260 1543 377 1616 antiquo
390 1538 475 1595 suerit
488 1545 588 1610 status,
604 1537 715 1593 advena
728 1535 848 1592 classem

74 1618 174 1690 Quum
188 1616 312 1695 primum
331 1617 462 1671 diaconiis
476 1615 621 1668 exercitus
636 1614 745 1687 appulit
758 1612 824 1685 oris,

73 1696 247 1765 Enpediaru,
262 1703 291 1748 et
303 1693 402 1766 primae
417 1688 557 1746 revocabo
572 1689 690 1745 exordia
703 1708 819 1765 pugna,

72 1766 120 1824 Tu
134 1776 239 1841 vatem,
253 1776 295 1841 tu,
310 1770 395 1840 Dira,
411 1786 504 1825 mone.
546 1768 652 1825 Dicam
666 1768 781 1825 horride
792 1767 885 1841 bella;

72 1843 177 1902 Dicam
192 1847 277 1921 acies,
292 1855 426 1922 actosque
441 1847 544 1903 animis
558 1846 587 1904 in
602 1846 702 1904 lunera
715 1865 807 1922 reges,

73 1922 309 2001 Tyrrhenamque
324 1945 452 1999 manum,
466 1934 613 2000 totamque
627 1925 681 1985 sub
696 1945 774 1983 arma
787 1933 916 1985 coactam

72 2000 253 2078 Hesperiam.
296 2005 391 2082 Major
404 2022 497 2061 rerum
511 2004 583 2060 mihi
597 2005 723 2062 nascitur
737 2006 816 2080 ordo,

72 2079 170 2159 Majus
184 2102 257 2158 opus
271 2102 383 2140 moveo.
424 2082 492 2139 Rex
506 2101 573 2139 arva
586 2082 706 2139 Latinus
721 2092 750 2140 et
763 2082 849 2142 urbes

71 2159 137 2217 Jam
151 2162 246 2218 senior
260 2161 345 2235 longia
358 2159 485 2237 placidas
499 2160 529 2216 iu
542 2179 615 2235 pace
630 2160 755 2235 regebat

72 2237 161 2295 Hunc
175 2240 276 2296 Fauno
290 2249 319 2296 et
331 2238 459 2315 nymphia
473 2238 601 2312 genitum
613 2240 759 2297 Laurente
773 2240 887 2299 Marici

72 2316 248 2392 Accipimus.
290 2318 392 2375 Fauno
405 2317 493 2374 Picus
506 2324 604 2393 pater;
625 2318 707 2392 isque
721 2328 873 2394 parentem

71 2394 127 2469 Te,
144 2395 276 2470 Saturne,
291 2395 392 2469 refert3
413 2404 445 2453 tu
458 2396 606 2470 sanguinis
620 2396 739 2456 ultimus
753 2407 860 2457 auctor.

71 2473 164 2533 Filius
178 2474 255 2550 huic,
269 2474 326 2534 lato
341 2475 449 2549 diutim,
463 2476 616 2567 prolesque
629 2475 719 2533 virilis

71 2552 163 2617 Nulla
175 2554 245 2627 luit3
266 2555 416 2632 primisque
431 2574 525 2613 onens
539 2564 638 2632 erepta
646 2555 769 2635 juventa
783 2563 834 2614 est

73 2632 141 2692 Sola
154 2634 271 2692 domum
285 2643 314 2693 et
327 2642 419 2693 tantm
434 2634 565 2693 servabat
577 2635 637 2693 filia
650 2636 743 2711 sedes,

70 2711 88 2769 J
90 2733 135 2771 am
149 2722 261 2772 matura
271 2714 342 2790 tiro,
353 2717 414 2793 jam
427 2714 523 2793 plenis
536 2715 643 2773 nubilis
657 2714 748 2773 aunis.

70 2792 160 2853 Multi
173 2793 251 2852 illam
265 2814 369 2870 magno
383 2815 400 2852 e
414 2795 497 2853 Latio
511 2795 627 2870 totique
640 2793 778 2870 petebant

70 2873 210 2930 Ausonii.
253 2873 330 2933 Petit
344 2881 409 2932 aute
423 2874 493 2932 alios
507 2873 715 2950 pulcherrimus
730 2890 848 2931 omnes·

70 2951 196 3025 Turnus,
211 2951 270 3009 avis
284 2953 431 3027 atavisque
445 2960 565 3027 potens;
586 2969 672 3026 quem
686 2952 765 3029 regia
778 2954 886 3030 conjux

70 3030 199 3106 Adjuugi
213 3049 350 3104 generum
365 3031 436 3087 miro
449 3029 619 3108 properabat
632 3049 744 3103 amore;

72 3108 131 3166 Sed
143 3109 229 3166 variis
243 3117 374 3185 portenta
387 3108 474 3167 deirm
489 3109 641 3168 terroribus
655 3109 777 3168 obstant.

70 3188 182 3245 Laurus
197 3195 256 3245 erat
269 3188 338 3246 tecti
352 3188 457 3263 medio,
472 3189 502 3246 iu
515 3187 710 3265 penetralibus
725 3189 798 3264 altis,

71 3267 158 3325 Sacra
171 3287 293 3342 comam,
308 3267 468 3347 multosque
482 3275 561 3325 metu
575 3276 685 3325 servata
698 3287 749 3345 per
763 3287 874 3341 annos3

71 3348 168 3419 Quam
182 3356 262 3423 pater
275 3348 432 3421 inventam,
446 3347 552 3423 primas
566 3366 654 3422 quum
668 3348 805 3406 conderet
819 3367 909 3424 arces,

70 3427 138 3502 lpse
152 3427 294 3485 serebatur
306 3426 418 3485 Phoebo
433 3428 558 3484 sacrasse
572 3427 701 3501 LatiuuS,

70 3506 281 3584 Laurentisque
295 3505 330 3567 ab
345 3506 380 3564 ed
393 3524 499 3564 nomeu
513 3500 643 3581 posuisse
657 3507 775 3565 colonis.

70 3584 167 3677 Hujus
181 3604 249 3663 apes
264 3605 407 3644 summum
421 3585 518 3642 densae
537 3584 681 3661 (mirabile
695 3586 802 3664 dictu),

73 3662 198 3721 Stridore
212 3664 321 3740 ingenti
335 3664 474 3740 liquidum
488 3673 564 3722 trans
579 3665 685 3725 athera
697 3675 799 3741 vecte,

72 3739 220 3805 Obseddre
235 3744 364 3824 apicem3
386 3751 425 3820 et,
435 3743 556 3824 pedibus
569 3763 621 3825 per
634 3753 733 3804 mutua
745 3742 840 3821 taetris²
