2370 4176
518 165 634 224 LIBER
653 165 691 223 V.-

100 315 195 398 lpsius
209 308 346 397 Anchisae
360 317 487 395 longaevi
500 318 557 377 hoc
571 337 679 378 munus
688 295 823 392 Achelois,-

98 400 219 459 Cratera
232 400 404 476 impressum
417 397 516 474 signis,
531 416 618 474 quem
633 397 776 457 Thraci-us
790 398 861 457 olins

97 478 238 537 Anchisae
253 477 376 553 genitori
389 476 420 534 in
434 495 540 552 magno
554 495 675 535 munere
690 477 811 536 Cisseus

99 557 189 616 Ferre
203 557 248 614 sui
262 557 380 615 dederat
392 563 618 628 mouumentum,
627 563 657 614 et
669 555 773 632 pignus
787 554 904 614 amoris.⁴
1007 629 1012 636 Ι

101 636 151 694 Sic
165 635 249 712 fatus,
264 635 354 711 cingit
366 634 501 693 viridanti
514 642 645 712 tempora
657 634 750 710 lauro,

100 715 141 772 Et
153 715 280 791 primum
295 722 360 772 ante
369 731 475 771 omnes
488 712 629 771 victorem
643 713 770 790 appellat
782 714 924 772 Acesteu.=

99 793 166 852 Nec
179 792 274 850 bonus
287 792 430 869 Eurytion
443 791 560 870 praelato
574 791 678 851 invidit
690 790 807 867 honori,-

100 871 244 943 Quamvis
259 871 338 929 solus
352 889 436 929 avem
450 870 523 928 coelo
537 871 645 948 dejecit
658 869 694 927 ab
710 871 776 928 alto.

101 950 253 1008 Proximus
267 950 426 1025 ingreditur
439 949 532 1020 donis,
547 948 595 1025 qui
610 948 726 1006 vincula
738 948 832 1026 rupit:

100 1029 268 1104 Extremus,
282 1029 394 1085 volucri
407 1029 457 1105 qui
470 1027 535 1085 fixit
548 1026 820 1103 arundinesmalum.
872 1046 874 1050 ·

139 1107 180 1165 At
193 1115 274 1184 pater
287 1106 409 1181 AEneas,
424 1106 554 1165 nondum
566 1105 725 1172 certamine
739 1105 837 1180 misso,

100 1185 260 1245 Custodem
275 1186 311 1242 ad
324 1203 389 1242 sese
402 1186 597 1261 comitemque
610 1183 737 1260 impubis
751 1183 808 1242 Ii'rli
923 1200 927 1216 ‘

101 1264 249 1341 Epytiden
262 1272 365 1337 vocat3
387 1271 417 1322 et
430 1264 518 1321 fidam
532 1263 573 1320 sic
586 1263 661 1321 fatur
674 1263 711 1321 ad
725 1280 822 1321 aurem
834 1277 848 1319 :2
885 1267 908 1307 ἢ
1013 1280 1016 1284 ·

101 1341 186 1420 Vade
200 1361 263 1418 age,
278 1349 307 1400 et
321 1342 458 1418 Ascanio,
473 1342 497 1399 si
507 1344 569 1420 jam
582 1341 693 1418 puerile
706 1349 841 1419 paratum

100 1421 217 1497 Agmen
230 1420 319 1478 habet
332 1439 612 1497 secum,.cursusque
626 1420 763 1479 instruxit
776 1437 933 1496 equorum,
988 1460 990 1467 r
1044 1485 1050 1492 ¹

101 1499 198 1558 Ducat
212 1518 265 1556 avo
279 1506 396 1576 turmas,
411 1509 441 1558 ct
454 1517 518 1558 sese
533 1500 666 1558 ostendat
679 1499 709 1556 in
724 1499 821 1574 armis,

102 1577 171 1654 Dic,
186 1578 235 1637 ait
278 1578 345 1654 Ipse
359 1597 477 1636 omnem
490 1578 577 1654 longo
591 1578 733 1636 decedere
742 1577 825 1635 circo

102 1655 237 1714 infusum
247 1658 395 1734 populum,
411 1665 440 1715 et
453 1675 570 1734 campos
581 1656 666 1734 jubet
679 1675 743 1715 esse
757 1663 908 1733 patentes·

102 1733 246 1793 Incedunt
258 1737 350 1812 pueri,
366 1735 530 1812 pariterque
544 1742 612 1792 ante
624 1753 674 1792 ora
685 1733 839 1811 parentum

101 1813 243 1872 Fraenatis
257 1815 358 1872 lucent
372 1815 402 1872 in
417 1814 519 1890 equis:
542 1831 613 1889 quos
627 1814 723 1870 omnis
736 1818 851 1874 euntes
893 1877 897 1883 ,
949 1866 951 1868 ,

101 1891 259 1950 Trinacriae
274 1894 376 1960 mirata
388 1891 484 1950 fremit
496 1892 653 1970 Trojaeque
663 1894 814 1970 juventus.

85 1991 90 2000 ’
102 1970 246 2030 Omnibus
260 1972 291 2029 in
305 1990 416 2028 morem
430 1971 514 2029 tonsi
526 1966 725 2052 ‘coma'pressa
739 1969 845 2028 corond
856 1983 872 2025 ε’
984 1988 992 2008 '³
1025 2018 1035 2031 „
1046 1981 1072 2060 ,J

102 2049 218 2107 Cornea
230 2050 299 2107 bina
312 2050 409 2109 ferunt
421 2051 543 2127 praefixo
556 2049 673 2108 hastilia
685 2048 776 2122 scrr03

102 2127 173 2186 Pars
186 2127 266 2186 leves
280 2129 401 2186 humero
414 2128 582 2212 pharetram
604 2130 627 2187 it
639 2135 756 2205 pectore
771 2146 884 2186 summo

103 2206 225 2265 Flexilis
239 2207 342 2265 obtorti
356 2227 408 2284 per
421 2207 529 2265 collum
543 2206 668 2266 circulus
683 2207 753 2264 auri.

102 2284 176 2343 Tres
191 2286 320 2362 equitum
335 2304 456 2344 numero
469 2294 582 2360 turmae,
597 2286 730 2363 ternique
743 2293 885 2361 vagantur

102 2363 266 2437 Ductores3
288 2365 370 2441 pueri
384 2365 429 2422 bis
444 2365 517 2439 seni,
532 2383 677 2442 quemque
692 2365 794 2439 secuti,

103 2442 229 2518 Agmine
242 2444 345 2520 partito
359 2443 480 2518 fulgent,
494 2443 669 2523 paribusque
683 2442 834 2519 magistris.

99 2520 172 2579 Una
186 2522 261 2578 acies
271 2524 426 2613 juvenum,
441 2522 522 2592 ducit
532 2542 621 2598 >quam
634 2541 740 2600 parvus
754 2519 889 2580 ovantem

102 2598 220 2657 Nomen
235 2619 282 2658 avr
295 2600 422 2658 reserens
435 2599 578 2676 Priamus,
592 2609 642 2659 tua
655 2601 740 2675 clara,
754 2599 860 2674 Polite,

102 2676 270 2755 Progenies,
286 2688 405 2737 auctura
419 2678 526 2750 ltalos;
549 2699 635 2756 quem
649 2678 792 2737 Thracius
806 2678 879 2736 albis
945 2695 948 2699 ’

90 2755 203 2838 ,Portat
216 2775 307 2833 equus
320 2756 432 2831 bicolor
445 2757 574 2833 maculis,
589 2758 711 2833 vestigia
724 2757 811 2835 primi
937 2763 940 2769 '

102 2833 180 2891 Alba
193 2836 276 2912 pedis
290 2835 472 2911 frontemque
487 2843 634 2895 ostentans
649 2837 754 2895 arduus
768 2835 873 2894 albam.
921 2851 925 2858 ·
1010 2901 1012 2907 y

104 2912 186 2970 Alter
199 2914 282 2989 Atys,
298 2932 390 2989 genus
404 2914 483 2972 unde
497 2916 559 2973 Atii
572 2913 682 2990 duxdre
696 2914 813 2988 Latini3
867 2952 869 2956 ,
949 2928 952 2933 ·
988 2927 993 2935 ·

103 2990 214 3049 Parvus
228 2994 311 3067 Atys,
325 3011 475 3069 pueroque
488 3011 563 3069 puer
575 2994 698 3052 dilectus
713 2992 788 3050 liilo.

103 3069 436 3147 Extremuslormaque
451 3080 517 3129 ante
531 3090 634 3130 omnes
647 3071 778 3149 pulcher,
794 3071 875 3130 Ii'rlus

105 3147 225 3207 Sidonio
239 3149 429 3220 cstinvectus
442 3168 529 3228 equo,
545 3168 632 3227 quem
646 3150 771 3209 candida
784 3151 863 3220 Dido

103 3225 179 3284 Esse
193 3227 238 3285 sui
253 3228 372 3286 dederat
384 3241 605 3288 monumentum
619 3238 649 3288 et
661 3229 770 3306 pignus
779 3229 894 3287 amoris.

104 3305 219 3364 Cetera
233 3306 390 3365 Trinacriis
403 3307 496 3385 pubes
510 3309 632 3366 senioris
644 3308 761 3367 Acestae

103 3383 209 3444 Fertur
222 3385 314 3463 equis.
664 3399 666 3404 ’

142 3463 307 3542 Excipiunt
319 3463 422 3540 plausu
436 3465 568 3541 pavidos,
582 3465 767 3542 gaudentque
773 3469 896 3538 ,tuentes

103 3540 290 3618 Dardanide,
304 3551 494 3620 veterumque
507 3551 669 3620 agnoscunt
681 3562 731 3601 ora
743 3540 905 3619 parentirm.

103 3620 261 3699 Postquam
275 3639 394 3680 ornnem
408 3618 469 3681 leti
482 3640 652 3682 consessum
667 3620 824 3699 oculosque
837 3638 954 3683 suorum

103 3698 277 3760 Lustravdre
287 3700 318 3759 in
333 3698 426 3814 equis,
441 3701 557 3779 signum
571 3702 696 3761 clamore
708 3700 814 3785 paratis
