2400 4178
512 208 697 269 Lim-11.

113 359 173 420 Ore
184 359 304 435 legunt3
325 357 511 437 ipsnrogeaa
521 376 682 438 purosque
695 359 818 438 quirites·
844 430 848 435 ¹

114 438 286 512 Sufficiunt3
308 438 447 516 aulasque
460 445 591 498 struma
601 457 633 497 re
673 439 856 516 aratingant.

82 520 85 524 ’
114 514 200 593 Saepe
216 517 303 576 edam
316 517 394 576 duris
408 517 528 576 errando
542 516 573 575 in
586 523 645 577 cota
665 537 699 576 us
713 517 772 576 adas

112 592 267 671 sudsere,
281 595 412 672 ultroque
426 595 552 654 animam
565 595 618 654 sub
632 595 710 655 fasce
723 593 831 662 dcdtire
841 615 855 652 :¹

113 673 224 733 Tantus
238 693 317 733 amor
329 673 442 750 florum,
457 682 488 732 et
501 673 657 750 generandi
670 672 761 751 gloria
773 672 886 733 mellis!

151 753 230 828 Ergo
245 753 323 832 ipsas
335 753 465 831 quamvis
480 753 594 829 angusti
606 754 745 814 terminus
759 753 815 812 aavi

112 829 259 908 Excipiat,
273 851 368 909 neque
382 832 460 890 enim
474 832 539 909 plus
553 831 675 908 septima
688 831 803 891 ducitur
815 838 909 908 reama,

111 910 152 966 At
164 928 255 983 genus
269 910 430 970 immortale
444 917 551 986 manet,
565 909 726 988 multosque
739 929 793 987 per
806 929 897 968 annos

113 987 175 1045 Stat
188 987 428 1063 fortamadom'tis,
442 994 473 1046 et
484 988 531 1046 avi
544 997 730 1047 numerantur
743 1007 869 1049 avorum.
893 1003 896 1008 ’

110 1065 255 1124 Praeterca
267 1078 365 1144 regem
378 1084 438 1124 non
451 1065 493 1123 sic
505 1064 661 1143 AEgyptus,
676 1074 706 1124 et
718 1066 820 1142 ingens

110 1143 213 1218 Lydia,
227 1162 282 1202 nec
295 1144 397 1221 populi
410 1143 590 1220 Parthorum,
605 1152 654 1202 aut
667 1144 774 1203 Medus
788 1143 956 1222 Hydaspes,

113 1220 284 1280 Observant
325 1223 410 1297 Rege
423 1221 570 1296 incolumi,
584 1241 667 1281 mens
678 1222 814 1281 omnibus
825 1241 885 1281 una
898 1229 960 1281 est:

111 1299 237 1373 Amisso,
253 1298 356 1377 rupere
369 1300 477 1372 tidem3
499 1308 717 1377 constructaque
731 1300 819 1359 mella

111 1375 266 1454 Diripuere
280 1378 362 1454 ipsae,
377 1385 408 1437 et
420 1385 512 1435 crates
527 1376 639 1435 solvere
652 1378 790 1437 favorum.

112 1456 165 1513 Ille
179 1475 297 1532 operum
311 1465 429 1528 custos,
451 1455 532 1513 illum
547 1456 740 1531 admirantur5
762 1464 791 1514 et
805 1474 905 1514 omnes

110 1535 305 1593 Circumstant
317 1535 431 1593 fremitu
444 1535 545 1609 denso,
560 1535 722 1612 stipantque
737 1534 920 1613 frequentes3

110 1613 151 1671 Et
165 1611 243 1689 saepd
258 1614 391 1673 attollunt
402 1612 540 1688 humeris,
556 1621 585 1671 et
597 1632 717 1691 corpora
728 1611 822 1672 bello'

111 1690 275 1766 Ob'ectant,
289 1692 495 1768 pulchramque
509 1700 611 1767 petunt
623 1711 675 1769 per
687 1692 808 1750 vulnera
821 1698 951 1750 mortem.

149 1712 206 1827 ilis
220 1770 335 1845 quidam
349 1769 448 1845 siguis,
463 1777 548 1844 atque
561 1769 626 1827 haec
640 1771 775 1846 exempla
786 1770 888 1844 secuti,

109 1847 185 1904 Esse
200 1847 301 1924 apibus
314 1855 426 1925 partem
440 1847 546 1904 divinae
561 1848 676 1923 mentis,
691 1856 721 1905 et
733 1848 852 1905 haustus

108 1924 267 2001 AEtherios,
283 1924 382 1984 dixere
396 1944 403 1982 τ
425 1925 512 1984 deum
526 1943 649 2002 namque
663 1926 704 1983 ire
718 1944 771 2001 per
784 1923 884 1983 omnes

109 2003 279 2080 Terraeque,
294 2012 457 2080 tractusque
471 2003 566 2078 maris,
581 2005 743 2080 coelumque
756 2003 950 2081 profundum:

108 2082 187 2141 Hinc
201 2084 339 2160 pecudes,
355 2090 492 2157 armenta,
506 2082 592 2157 viros,
607 2100 698 2158 genus
712 2100 797 2140 omne
812 2083 944 2158 ferarum,

109 2158 262 2238 Quemque
276 2162 331 2220 sibi
344 2170 447 2220 tenues
461 2169 628 2219 nascentem
643 2179 785 2220 arcessere
799 2161 891 2221 vitas:

109 2240 226 2298 Scilicet
239 2241 296 2298 huc
309 2240 391 2298 reddi
404 2240 510 2297 deinde
525 2259 558 2297 ac
573 2241 696 2298 resoluta
709 2240 807 2298 referri
981 2314 984 2319 q

107 2316 231 2376 Omnia:
254 2337 308 2377 nec
323 2319 406 2377 morti
420 2337 485 2377 esse
499 2319 613 2391 locum;
635 2320 686 2376 sed
699 2320 766 2376 viva
777 2318 875 2376 volare

108 2396 216 2454 Sideris
230 2398 259 2455 in
274 2416 434 2474 numerum,
450 2404 535 2473 atque
550 2397 606 2455 alto
620 2399 774 2455 succedere
790 2397 872 2456 caelo.

148 2475 179 2531 Si
193 2476 306 2551 quando
320 2476 420 2534 sedem
434 2484 582 2570 augustam
598 2483 766 2552 servataque
779 2475 867 2535 mella
966 2546 969 2557 Δ

107 2550 264 2609 Thesauris
277 2553 401 2624 reliaco,
422 2553 502 2628 prius
516 2553 619 2611 haustu
634 2572 747 2629 sparsus
762 2572 899 2629 aquarum

108 2629 166 2686 Ore
180 2629 255 2701 fove,
270 2629 420 2705 fumosque
434 2646 522 2687 manu
535 2631 683 2705 praetende
696 2648 843 2706 sequaces.

107 2707 160 2765 Bis
173 2708 304 2782 gravidos
319 2714 425 2783 cogunt
438 2705 533 2781 foetus,
547 2708 604 2764 duo
618 2717 749 2783 tempora
761 2709 882 2766 messis:

107 2787 237 2862 Taygete
252 2786 337 2844 simul
350 2805 383 2844 os
396 2784 478 2844 terris
492 2784 618 2843 ostendit
630 2785 785 2843 honestum

106 2864 195 2939 Plias,
211 2873 240 2923 et
254 2863 365 2924 Oceani
379 2870 490 2940 spretos
502 2864 578 2940 pede
592 2863 698 2940 repulit
712 2882 828 2937 amnes;

108 2945 166 3001 Aut
179 2944 283 3001 eadem
297 2943 376 3001 sidus
389 2941 503 3019 fugiens
515 2941 566 3000 ubi
579 2942 674 3000 Piscis
688 2942 786 3019 aquosi

106 3022 227 3081 Tristior
239 3022 374 3080 hibernas
388 3021 463 3080 coelo
476 3021 627 3079 descendit
640 3020 670 3078 in
684 3021 785 3079 undas.

106 3098 168 3159 lllis
182 3101 224 3159 ira
237 3102 354 3159 modum
368 3104 455 3178 sup'ra
468 3108 521 3174 est,
535 3099 670 3176 laesaeque
683 3118 830 3159 vencnum

106 3179 252 3238 Morsibus
265 3180 414 3257 inspirant,
428 3186 458 3237 et
471 3177 583 3256 spicula
596 3178 854 3256 caeca‘relinquunt

105 3257 211 3317 Affixae
224 3257 317 3334 venis,
332 3259 441 3316 animas
461 3276 499 3316 ue
512 3257 543 3314 in
556 3257 677 3315 vulnere
689 3265 811 3334 ponunt.
835 3278 847 3321 .·
886 3253 890 3260 ’

146 3336 198 3394 Sin
212 3338 312 3395 duram
326 3344 439 3396 metues
473 3336 592 3410 iemem,
605 3353 764 3412 parcesque
778 3334 883 3410 futuro,

106 3415 310 3492 Contusosque
323 3415 435 3473 animos
448 3423 478 3474 et
491 3434 536 3472 res
550 3414 724 3472 miserabere
738 3413 859 3487 fractas3

106 3490 151 3551 lat
159 3493 255 3550 suffire
269 3493 379 3570 thymo,
393 3511 533 3570 cerasque
547 3493 675 3551 recidere
689 3493 800 3566 inanes,

107 3573 182 3645 Quis
197 3572 331 3630 dubitet?
352 3591 420 3629 nam
434 3569 512 3649 saepe
527 3571 606 3629 favos
620 3572 737 3647 ignotus
751 3569 860 3629 adedit·

108 3650 218 3725 Stellio,
233 3657 263 3708 et
275 3649 411 3725 lucifugis
425 3659 561 3727 congesta
574 3650 681 3707 cubilia
694 3646 801 3723 blattis,
832 3704 836 3713 ,

109 3728 307 3805 immunisque
321 3729 428 3787 sedens
441 3727 535 3787 aliena
549 3728 584 3786 ad
597 3726 705 3805 pabula
718 3728 811 3799 sucus,
