2400 4178
111 188 166 244 rac
258 178 268 188 ”
356 173 364 180 ’
521 187 705 243 auersos

33 384 37 391 .
109 334 124 393 1
146 354 177 392 se
186 334 265 412 jugis
280 333 389 410 Cynthi
403 335 537 410 graditur,
553 334 689 411 mollique
702 335 841 394 fluentem

108 355 225 472 llonde
238 412 344 490 premit
357 413 466 470 crincm
480 414 601 487 fingens,
617 424 702 490 atquc
716 414 844 492 implicat
857 433 945 489 auro;

107 491 182 549 Tela
196 500 299 548 sonant
312 490 450 548 humeris·
494 492 583 549 Haud
598 492 647 549 illo
661 493 776 567 segnior
788 492 849 550 ibat

106 569 237 628 AEneas:
259 577 369 631 tantum
384 569 499 644 egregio
514 570 603 627 decus
618 571 708 628 enitet
721 590 779 628 ore.
1033 580 1095 634 150

147 647 304 724 Postquam
318 647 389 704 altos
404 657 522 705 rentum
538 648 567 704 in
582 657 694 706 montes
708 658 795 727 atque
808 649 888 709 invia
899 649 997 728 lustra,

105 725 188 784 Ecce
201 726 279 800 serae,
294 726 355 782 saxi
370 726 491 803 dejectae
506 726 623 800 vertice,
638 746 730 804 caprae

104 802 269 862 Decurrere
278 804 376 881 jugis:
399 805 455 861 alia
469 806 504 862 de
516 813 595 881 parte
609 814 742 881 patentes

105 881 315 940 Transmittunt
329 902 412 941 cursu
427 902 543 959 campos
557 892 642 958 atque
657 886 771 960 agmina
784 886 862 944 cervi

99 959 312 1018 'Pulverulenta
325 960 394 1036 lugd
408 961 577 1037 glomerant,
592 972 762 1042 montesque
775 964 950 1043 relinquunt.
1032 967 1090 1025 155

103 1043 144 1096 At
157 1058 228 1116 puer
241 1041 383 1097 Ascanius
397 1041 500 1098 mediis
514 1040 544 1097 in
558 1041 681 1099 vallibus
696 1043 754 1100 acri

104 1118 219 1175 Gaudet
234 1136 325 1192 equo,
342 1120 462 1196 jamque
475 1118 529 1176 hos
544 1139 639 1194 cursu,
649 1123 711 1212 jam
725 1121 852 1199 praetcrit
864 1122 950 1195 illos;

104 1195 354 1271 Spumantemque
369 1197 429 1254 dari
443 1216 548 1273 pecora
561 1199 635 1257 inter
649 1200 751 1258 mertia
764 1200 838 1258 votis

103 1273 193 1351 Optat
207 1294 317 1352 aprum,
333 1284 382 1333 aut
393 1275 505 1333 sulvum
520 1277 697 1337 descendere
712 1288 809 1337 monte
822 1279 947 1339 leonem.

143 1353 258 1411 Interea
271 1373 375 1429 magno
390 1354 506 1412 misceri
520 1375 664 1415 murmure
678 1357 784 1416 coelum

103 1429 227 1508 Incipit:
250 1432 409 1509 insequitur
422 1435 578 1492 commixti
592 1435 730 1509 grandine
744 1435 869 1494 nimbus.

102 1508 144 1566 Et
158 1510 239 1585 Tyrii
254 1513 375 1569 comites
388 1513 505 1586 passim,
521 1522 550 1570 et
564 1512 690 1589 Trojano
700 1515 849 1590 juventus,

100 1586 322 1664 Dardaniusque
337 1608 428 1664 nepos
443 1589 577 1663 Veneris,
592 1591 705 1648 diversa
718 1611 770 1668 per
783 1611 866 1668 agros

101 1664 195 1722 Tecta
208 1676 286 1724 metu
300 1665 409 1744 petiere
423 1687 429 1723 :
451 1675 537 1725 munt
551 1670 588 1727 de
602 1669 747 1728 montibus
762 1691 870 1730 amnes.

102 1743 277 1820 Speluncam
291 1746 369 1804 Dido
383 1746 442 1804 dux
457 1755 486 1805 et
499 1747 643 1825 Trojanus
658 1750 789 1806 eamdem
820 1774 824 1779 ·

100 1821 288 1882 De'rcniunt:
309 1826 402 1902 prima
416 1835 445 1885 et
459 1826 560 1884 Tellus
574 1835 603 1885 et
616 1827 747 1906 pronuba
759 1829 836 1886 Juno

98 1900 180 1968 Dana
192 1903 327 1983 signum
347 1904 455 1964 fulsire
469 1905 561 1981 ignes,
576 1915 605 1966 et
619 1909 751 1967 conscius
766 1906 856 1967 aether

99 1982 281 2058 Connubiis3
304 2003 475 2061 summoque
489 1985 635 2042 ulularunt
648 1986 756 2043 vertice
770 1979 916 2061 nymphe.

101 2066 155 2124 llle
170 2067 232 2124 dies
245 2064 355 2141 primus
369 2062 419 2121 leti
433 2063 600 2139 primusque
614 2062 754 2120 malorum

100 2145 198 2203 Causa
211 2144 282 2201 fuit:
304 2160 399 2217 neque
415 2141 493 2197 enim
508 2142 605 2216 specie
619 2140 732 2198 famave
745 2149 887 2215 movetur,
1028 2144 1090 2199 170

100 2223 132 2282 N
133 2242 166 2280 ec
176 2226 238 2300 jam
252 2221 388 2277 furtivum
403 2218 482 2275 Dido
497 2219 650 2276 meditatur
664 2238 808 2276 amorem:

100 2301 277 2378 Conjugium
290 2305 392 2369 vocat;
414 2295 469 2353 hoc
483 2297 617 2373 praetexit
631 2298 747 2354 nomine
761 2299 888 2373 culpam.

141 2376 298 2453 Extemplo
313 2376 414 2452 Libyae
429 2395 548 2450 magnas
562 2376 584 2434 it
597 2376 690 2433 Fama
703 2396 756 2453 per
769 2377 873 2450 urbes,

100 2458 202 2530 Fama,
217 2455 324 2513 malum
339 2454 395 2532 quia
408 2473 467 2511 non
482 2455 560 2511 aliud
574 2454 702 2513 velocius
716 2455 807 2513 ullum
819 2475 829 2528 ;

100 2535 265 2594 Mobilitate
279 2535 367 2609 viget,
382 2533 514 2609 viresque
528 2534 650 2611 acquirit
664 2535 779 2607 eund03

100 2614 194 2672 Parva
207 2621 285 2671 metu
299 2609 402 2689 primb,
418 2631 486 2669 mox
500 2610 564 2671 sese
579 2613 682 2672 attollit
695 2613 724 2670 in
740 2632 841 2687 auras;

102 2692 320 2768 ingrediturque
334 2692 405 2767 solo,
421 2699 451 2749 et
464 2701 552 2769 caput
565 2693 640 2752 inter
653 2692 753 2750 nubila
766 2691 873 2751 condit.

102 2770 186 2829 Illam
200 2771 291 2829 Terra
303 2790 417 2847 parens,
432 2770 474 2827 ira
488 2770 594 2830 irritata
607 2773 743 2845 deomm‚·

101 2849 281 2923 Extremam,
296 2858 328 2907 ut
340 2848 502 2925 perhibent,
518 2851 590 2908 Coeo
605 2849 813 2924 Enceladoque
827 2865 953 2906 sororem

101 2927 268 3002 Progenuit,
282 2925 405 3002 pedibus
419 2926 544 2983 celerem
558 2936 587 2985 et
599 2926 766 3002 pernicibus
780 2926 833 2983 alis
847 2945 853 2981 :
1028 2928 1088 2984 180
1106 2964 1112 2973 -

100 3006 266 3063 Monstrum
276 3003 460 3077 horrendum,
472 3004 593 3080 ingens;
607 3005 664 3078 cui,
674 3011 743 3079 quot
753 3011 820 3061 sunt
833 3022 952 3079 corpore
965 3001 1087 3081 plumae,

101 3083 159 3140 Tot
172 3081 274 3155 vigiles
288 3080 364 3138 oculi
379 3081 485 3153 subter,
501 3082 630 3139 mirabile
645 3083 732 3156 dictu,
1060 3088 1063 3095 '

100 3159 159 3217 Tot
172 3159 288 3234 linguae,
302 3158 421 3217 totidem
435 3177 484 3214 ora
498 3169 609 3235 sonant,
624 3168 666 3218 tot
679 3158 798 3234 subrigit
811 3177 902 3217 aures.

100 3238 196 3297 Nocte
210 3238 288 3295 volat
301 3236 367 3295 coeli
381 3237 475 3293 medio
490 3247 640 3314 terraeque,
654 3258 706 3315 per
720 3237 852 3295 umbram

102 3317 242 3390 Stridens,
257 3335 312 3374 nec
325 3314 402 3373 dulci
416 3314 541 3375 declinat
555 3316 664 3373 lumina
678 3336 787 3373 somno.
856 3361 862 3373 .
1027 3320 1086 3377 185

101 3396 182 3452 Luce
197 3396 279 3452 sedet
292 3402 397 3469 custos,
413 3401 461 3450 aut
474 3396 581 3451 summi
595 3394 721 3453 culmine
735 3395 812 3470 tecti,

101 3473 241 3530 Turribus
255 3482 304 3531 aut
318 3473 391 3547 altis,
407 3481 436 3530 et
448 3491 566 3547 magnas
580 3474 689 3531 territat
703 3474 807 3546 urbes3

102 3551 176 3607 Tam
192 3552 250 3609 ficti
264 3553 401 3628 pravique
415 3558 502 3609 tenax
517 3549 603 3628 quiam
618 3553 718 3610 nuntia
731 3553 800 3611 veri.

102 3628 177 3686 Haec
191 3636 251 3686 tum
266 3630 419 3706 multiplici
432 3631 554 3707 populos
568 3650 700 3689 sermone
714 3632 844 3710 replebat

102 3705 250 3782 (laudens,
265 3717 294 3766 et
307 3710 413 3786 pariter
426 3709 501 3768 facta
515 3717 599 3789 atque
613 3710 722 3770 insecta
735 3709 874 3771 canebat:
1028 3712 1089 3773 1⁹0
