2400 4178
108 208 164 262 210
520 206 703 263 &Netinos

111 356 252 431 Corniger
265 354 463 432 Hesperidum
476 352 580 413 fluvius
594 366 727 431 regnator
738 374 887 431 equarum.

111 434 198 491 Adsis
212 454 229 491 o
244 430 364 507 anatim,
378 441 408 491 et
420 431 537 509 propius
551 444 600 491 tue
613 434 732 491 numina
745 435 849 493 firmes.
863 452 865 457 ·

152 512 201 569 Sic
215 520 361 583 memorat,
376 512 562 585 geminasque
576 512 646 585 legit
659 512 696 569 de
710 512 801 570 clusae
814 513 949 591 biremes,

111 589 307 665 Remigioque
321 599 414 665 aptat3
437 590 530 647 socios
545 589 629 647 simui
644 590 759 648 instruit
772 590 867 651 umis.
1059 601 1106 654 80

109 666 193 726 Ecce
208 676 313 741 autem,
327 666 454 739 subitum
470 676 556 742 atque
569 667 660 725 oculis
674 668 804 727 mirabile
817 680 989 747 monstrum,

111 745 243 802 Candida
255 764 308 821 per
320 745 421 801 silvam
435 765 502 803 cum
516 746 585 803 ioetu
601 747 736 803 concolor
750 746 815 804 albo

110 822 277 896 Procubuit,
291 823 432 897 viridique
445 824 474 880 in
486 823 579 881 littore
594 824 779 899 conspicitur,
792 845 857 883 sus:

112 899 207 970 Quam
220 901 285 976 pius
300 901 410 956 AEneas
423 900 476 958 tibi
490 902 578 974 enim,
593 901 655 974 tibi,
671 903 797 959 maxime
808 904 894 979 Juuo,

110 977 230 1051 Mactnt,
245 997 324 1033 sacra
338 978 442 1051 serens,
457 988 485 1034 et
499 997 565 1034 cum
579 997 666 1052 grege
680 979 754 1036 sistit
767 981 802 1036 ad
816 1000 902 1037 aram.
1058 988 1102 1042 85

110 1054 215 1129 Tybris
230 1056 264 1111 eri
279 1054 408 1127 fluvium,
424 1053 510 1130 quim
526 1056 612 1127 longa
625 1065 679 1127 est,
693 1065 778 1113 nocte
792 1065 955 1116 tumentem

110 1133 217 1206 Leuiit,
232 1142 261 1189 et
275 1133 360 1189 tacita
375 1133 500 1189 retinens
514 1126 553 1189 na
566 1131 692 1190 substitit
705 1135 793 1208 undis,

110 1210 192 1268 Mitis
208 1221 237 1268 ut
251 1212 280 1267 in
295 1229 403 1266 morem
417 1211 510 1283 stagni
523 1210 703 1287 placidaeque
717 1212 830 1287 paludis

111 1288 258 1347 Sterneret
272 1307 368 1365 aequor
382 1290 473 1363 aquis,
488 1307 568 1345 remo
583 1296 614 1345 ut
627 1288 772 1345 luctamen
787 1290 909 1349 abesset.

110 1367 189 1442 Ergo
204 1368 257 1425 iter
271 1368 418 1443 inceptum
434 1367 560 1424 celerant
574 1384 689 1432 rumore
704 1368 840 1424 seeundo.
867 1398 870 1403 ·
954 1410 958 1419 .
1035 1375 1106 1431 =00

110 1446 230 1503 Labitur
242 1454 329 1502 uncta
343 1445 423 1501 vadis
437 1445 532 1501 abies:
554 1445 692 1502 mirantur
705 1451 733 1501 et
746 1446 842 1521 undae,

109 1524 233 1581 Miratur
247 1542 347 1579 nemus
361 1523 506 1579 insuetum
520 1520 659 1596 fulgentia
673 1519 757 1597 longui

110 1601 200 1659 Seute
212 1601 304 1658 virium
318 1600 416 1674 fluvio,
430 1601 577 1676 pictasque
592 1600 693 1657 innare
707 1601 830 1659 cannas.

109 1679 169 1737 Olli
183 1680 300 1755 remigio
315 1689 485 1754 noctemque
499 1679 634 1752 diemque
648 1679 776 1754 fatigant,

110 1757 150 1814 Et
163 1757 263 1832 longos
278 1766 414 1833 superant
427 1757 529 1830 flexus,
543 1757 686 1834 variisque
701 1766 837 1833 teguntur
1061 1766 1107 1820 95

108 1836 276 1910 Arboribus,
291 1838 454 1912 viridesque
468 1844 567 1894 secant
579 1837 694 1912 placido
708 1856 823 1911 aequore
837 1835 933 1895 silvas-

110 1914 160 1971 Sol
175 1917 301 1972 medium
316 1916 382 1973 coeli
396 1915 603 1973 conscenderat
616 1916 718 1990 igneus
733 1916 840 1990 orbem,

110 1992 210 2063 Quum
224 2014 329 2067 muros,
345 2013 498 2070 arcemque
512 1992 621 2068 procul,
637 2012 670 2050 ac
684 2013 746 2050 rura
760 1995 910 2051 domorum

108 2070 201 2129 Tecta
215 2073 322 2146 vident,
337 2090 402 2145 quae
416 2090 493 2128 nuuc
507 2072 641 2128 Romana
653 2072 781 2146 potentia
794 2071 870 2129 eoelo

107 2149 263 2225 AEquarit3
285 2161 345 2208 tum
361 2168 405 2205 res
420 2149 521 2224 inopes
535 2149 689 2206 Evandrus
699 2147 832 2207 habebat.
1040 2157 1107 2211 luo

109 2225 200 2285 Ocius
215 2229 366 2286 advertunt
379 2245 487 2302 proras,
502 2225 623 2302 urbique
637 2227 838 2303 propinquant

147 2304 233 2363 Forte
249 2307 296 2362 die
311 2305 468 2361 solemnem
484 2305 533 2361 illo
546 2323 597 2361 rex
611 2307 701 2362 Arcas
714 2304 854 2364 honorem

107 2384 375 2460 Amphitryoniadae
391 2402 495 2458 magno
509 2383 639 2459 divisque
653 2384 762 2441 terebat

106 2464 184 2520 Ante
198 2462 297 2519 urbem
311 2463 340 2519 in
356 2461 429 2519 luco.
471 2461 566 2519 Pallas
580 2461 649 2519 huic
663 2463 740 2521 filius
753 2464 821 2538 und,

107 2541 175 2600 Una
189 2560 290 2601 omnes
300 2544 443 2618 juvenum
456 2540 553 2617 primi,
566 2560 733 2617 pauperque
746 2550 874 2615 senatus,
1039 2548 1106 2604 10⁵

106 2618 207 2677 Thura
220 2619 335 2694 dabant,
350 2620 523 2696 tepidusque
537 2639 619 2678 cruor
633 2620 761 2678 fumabat
771 2621 804 2677 ed
821 2637 892 2676 aras.

106 2698 149 2757 Ut
162 2699 253 2757 celsas
267 2695 368 2772 v'iddre
380 2707 465 2774 rates,
480 2709 564 2775 atque
579 2701 653 2759 inter
667 2718 788 2775 opacum

106 2777 204 2835 Allabi
218 2797 330 2851 nemus,
346 2786 375 2836 et
388 2779 481 2835 tacitis
495 2778 662 2835 incumbere
676 2778 781 2849 remis;

105 2853 263 2914 Torrentur
275 2856 339 2914 visu
353 2857 457 2931 subito,
472 2856 624 2932 cunctique
638 2855 744 2912 relictis

106 2933 290 3008 Consurgunt
303 2934 419 2992 mensis.
461 2935 566 2991 Audax
580 2951 652 3007 quos
666 2939 798 3007 rumpere
812 2930 909 2988 Pallas
999 2961 1003 2967 ·
1038 2936 1105 2991 110

107 3009 194 3068 Sacra
207 3019 294 3085 vetat,
308 3020 446 3087 raptoque
461 3010 607 3067 volattelo
622 3009 725 3065 obvius
740 3010 818 3084 ipse;
896 3052 898 3056 Α

106 3088 147 3145 Et
159 3088 260 3165 procul
276 3108 292 3145 e
306 3090 432 3147 tumulo:
454 3088 592 3160 Juvenes,
608 3105 671 3161 quae
687 3105 773 3142 causa
786 3085 900 3160 subegit

107 3167 224 3241 Ignotas
238 3175 347 3225 tentare
361 3167 444 3223 vias?
466 3161 523 3240 qud
537 3163 675 3221 tenditis?
697 3164 797 3239 inquit.

107 3245 167 3315 Qui
181 3247 293 3321 genus?
315 3245 392 3301 unde
406 3244 513 3300 domo?
533 3259 673 3331 pacemne
688 3240 746 3297 huc
761 3239 849 3317 sertis,
865 3259 901 3298 an
916 3242 1017 3298 arma?

106 3323 183 3380 Tum
197 3331 278 3400 peter
290 3323 401 3381 AEneas
414 3319 505 3398 puppi
520 3338 561 3376 src
575 3319 650 3375 tatur
664 3318 699 3374 nb
714 3319 781 3394 altri,
1037 3325 1103 3380 115

105 3400 301 3478 Paciferaeque
315 3419 401 3458 manu
415 3417 526 3456 ramum
539 3397 692 3473 praetendit
705 3396 809 3454 olivae:

105 3478 285 3557 Trojugenas
299 3497 332 3537 ac
346 3478 403 3536 tele
416 3478 498 3535 vides
511 3475 629 3532 inimice
642 3476 761 3552 Latinis,

107 3556 189 3626 Quos
203 3558 245 3615 illi
258 3557 336 3616 bello
348 3556 483 3634 profugos
498 3552 584 3630 egere
598 3555 730 3631 superbo.

106 3635 275 3693 Evandrum
288 3635 431 3713 petimus:
448 3633 524 3691 iente
538 3632 612 3710 haec,
628 3643 657 3693 et
671 3635 757 3692 dicite
771 3633 862 3690 lectos

104 3712 259 3772 Dardaniae
273 3714 388 3774 venisse
402 3713 502 3789 duces,
515 3712 593 3771 socia
607 3733 685 3772 arma
697 3719 841 3789 rogantes.
1037 3717 1100 3773 120
