2400 4178
503 181 620 241 traua
638 181 690 243 VI«

107 336 204 393 Axem
217 334 337 393 humem
350 339 468 426 torquet
475 331 565 392 stellis
579 332 744 392 ardentibus
758 341 866 410 aptum.
939 334 944 349 ‘

109 413 227 493 Hujus'
219 434 249 471 ιιι
264 414 441 472 adventum
428 431 489 507 Jam
503 430 581 470 nunc
595 420 625 470 et
638 411 745 489 Caspia
757 431 846 489 regna

108 493 270 570 Responsis
283 493 400 551 horrent
413 490 521 566 ιιιιιιιιι,
537 499 567 549 et
579 491 700 550 Maeotia
713 491 808 568 tellus,

108 571 150 630 Et
138 571 381 669 tseptemgemini
394 570 510 630 turbant
522 571 633 648 trepida
647 571 720 629 ostia
732 570 763 628 N
764 570 804 629 ιιι

108 651 140 710 N
141 671 174 709 ec
188 671 257 710 vero
243 649 388 710 Alcides
402 647 513 710 tantum
526 649 637 709 telluris
652 649 750 726 obivit,

108 731 221 790 Fixerit
234 731 389 809 aeripedem
403 749 516 788 cervam
522 724 608 806 licet,
624 737 672 788 aut
685 728 859 807 Erymanthi

108 810 223 869 Paoirit
236 830 362 903 nemora,
378 819 407 869 et
420 811 544 868 Lernam
557 809 749 868 tremefecerit
762 829 846 868 arcu:

107 889 185 965 Nec,
200 891 250 967 qui
262 890 423 967 pampineis
436 888 550 948 victor
537 908 609 965 Juga
621 888 711 947 flectit
722 888 855 966 habenis,

108 969 205 1045 Liber,
221 989 308 1045 agens
322 969 400 1026 celso
413 968 444 1026 N
445 986 504 1044 ysae
519 966 556 1024 de
568 968 676 1025 vertice
690 967 786 1043 tigres.

109 1048 150 1106 Et
164 1048 328 1106 dubitamus
343 1048 438 1105 adhuc
451 1046 586 1105 virtutem
600 1047 756 1105 extendere
770 1046 873 1105 factis?

108 1130 169 1184 Aut
182 1136 275 1185 metus
289 1127 418 1184 Ausonii
431 1124 565 1202 prohibet
579 1126 735 1184 consistere
749 1126 847 1184 terri?

110 1206 184 1276 Quis
197 1206 297 1283 procul
311 1207 359 1263 ille
374 1214 469 1263 autem
483 1205 569 1263 ramis
582 1204 702 1280 insignis
717 1205 810 1281 olivae,

111 1285 198 1342 Sacra
211 1284 328 1343 ferens?
316 1288 437 1342 lnosco
451 1284 544 1343 crines
558 1283 718 1360 incanaque
733 1294 831 1343 menta

107 1365 199 1440 Regis
213 1365 348 1439 Romani,
362 1364 471 1441 primus
486 1383 536 1456 qur
528 1362 660 1439 'legibus
674 1363 774 1421 urbem

109 1443 264 1519 Fundabit,
279 1443 404 1502 Curibus
417 1443 512 1521 parvis
526 1450 556 1501 et
568 1461 695 1519 paupere
709 1442 784 1501 terrai

108 1523 238 1581 Missus
230 1544 260 1580 111
274 1523 425 1601 imperium
440 1541 596 1616 magnum:
618 1541 664 1580 cur
656 1522 783 1580 deinde
796 1519 905 1580 subibit

109 1602 176 1660 Otia
190 1603 239 1678 qui
253 1611 367 1679 rumpet
380 1603 477 1694 patriae
491 1602 656 1679 residesque
669 1602 798 1661 movebit

108 1681 234 1739 Tullus
227 1702 255 1739 in
271 1702 350 1739 arma
362 1682 448 1755 viros,
463 1682 562 1772 etjam
577 1682 696 1739 desueta
709 1681 860 1758 triumphis

108 1762 252 1835 Agmina.
274 1780 359 1854 quem
370 1758 456 1853 juxta
471 1760 598 1853 sequitur
607 1762 760 1838 jactantior
773 1763 883 1835 Ancus,

108 1841 138 1898 N
141 1860 196 1897 unc
213 1859 326 1915 quoque
337 1842 399 1917 J'am
414 1836 535 1897 nimium
550 1841 678 1933 gaudens
691 1840 877 1916 popularibus
892 1840 976 1897 auris.

108 1920 162 1985 Vis
177 1927 205 1977 et
219 1919 392 1995 Tarquinios
406 1937 497 1994 reges,
513 1919 694 1994 animamque
709 1919 861 1996 superbam

109 1999 217 2059 Ultoris
231 1999 323 2075 Bruti,
338 1998 486 2074 fascesque
501 1998 598 2056 videre
612 2001 765 2075 receptos?

108 2079 243 2137 Consulis
257 2078 409 2156 imperium
423 2079 471 2136 hic
484 2078 593 2155 primus
608 2096 755 2155 saevasque
770 2096 884 2136 secures

107 2159 260 2235 Accipiet;
282 2167 420 2234 natosque
434 2166 524 2236 pater,
538 2177 615 2215 nova
627 2157 704 2215 bella
718 2167 877 2234 moventes,
1030 2162 1091 2216 820

108 2239 155 2295 Ad
168 2258 282 2314 poenam
296 2238 415 2315 pulchris
428 2257 480 2314 pro
493 2237 624 2295 libertate
637 2237 760 2296 vocabit.

109 2318 232 2376 Infelix!
254 2327 408 2394 utcumque
422 2317 514 2375 ferent
527 2336 562 2374 ea
574 2317 650 2375 facta
663 2317 797 2391 minores,

111 2397 218 2455 Vincet
206 2405 310 2454 tamor
321 2397 429 2473 patriae,
443 2397 616 2471 laudumque
630 2396 772 2455 immensa
785 2396 898 2472 cupido.

110 2476 189 2546 Quin
203 2476 321 2548 Decios,
336 2476 503 2548 Drusosque
516 2474 624 2550 procul,
640 2494 807 2552 saevumque
821 2475 914 2533 securi

110 2554 236 2630 Adspice
250 2553 437 2628 Torquatum,
452 2562 481 2609 et
494 2552 699 2610 reserentem'
678 2573 762 2645 signa
772 2553 938 2611 Camillum.

111 2634 236 2691 lllaet
188 2653 222 2689 au
225 2641 293 2706 tem,
308 2629 424 2722 paribus
438 2649 508 2704 quas
522 2631 631 2705 fulgere
645 2633 738 2689 cernis
751 2633 781 2688 in
797 2633 892 2707 armis,

111 2712 276 2770 Concordes
290 2710 393 2768 animas
407 2727 495 2783 nunc,
509 2716 539 2766 et
552 2709 620 2766 dum
633 2719 718 2767 nocte
732 2719 907 2787 prementur,

111 2793 201 2850 Heni
219 2799 357 2867 quantum
371 2789 490 2867 interae
504 2786 660 2862 bellum,
638 2808 662 2845 ιι
675 2789 776 2846 limina
789 2789 855 2848 vitae

111 2871 275 2949 Attigerint,
291 2877 412 2953 quantas
426 2864 502 2925 acies
516 2874 695 2943 stragemque
709 2862 835 2944 ciebunl,

112 2951 273 3028 Aggeribus
287 2968 368 3025 socer
381 2946 495 3025 Alpinis
509 2955 594 3040 atque
608 2967 672 3004 arce
685 2947 817 3010 Monoeci

112 3031 310 3104 Descendens,
325 3047 414 3105 gener
427 3027 553 3085 adversis
567 3027 827 3089 instrueremus·

113 3111 170 3186 Ne,
185 3111 275 3189 pueri,
289 3129 326 3167 ne
341 3116 419 3167 tanta
432 3107 534 3164 animis
548 3107 704 3176 assuescite
717 3095 812 3200 bella3

113 3190 181 3249 Neu
195 3190 291 3268 patriae
304 3186 434 3246 validas
426 3207 456 3244 ιιι
470 3186 580 3245 viscera
592 3186 694 3245 vertite
707 3188 791 3245 vires.

115 3269 217 3346 Tuque
231 3269 316 3345 prior,
331 3275 363 3325 tu
376 3285 472 3343 parce,
486 3284 576 3342 genus
591 3285 640 3342 qur
632 3266 735 3325 ducis
750 3266 893 3343 Olympo:

114 3349 229 3427 Projice
243 3346 300 3405 tela
313 3365 409 3420 manu,
424 3345 538 3421 sanguis
553 3365 642 3403 meus.
894 3352 975 3423 :*.³2...«.³·j³:
1017 3388 1020 3392 .

117 3428 169 3485 llle
183 3426 355 3502 triumphati
370 3423 513 3500 Capitolia
526 3425 562 3482 ad
576 3425 632 3483 alta
646 3423 785 3482 Corintho
919 3422 970 3498 {55³1}

115 3507 216 3564 Victor
229 3512 294 3581 aget
307 3523 430 3578 currum,
445 3504 528 3562 caesis
541 3503 661 3580 insignis
675 3503 804 3560 Achivis.
861 3509 870 3552 ’.
890 3532 893 3551 =
917 3532 925 3538 >·
935 3504 949 3552 .¹

115 3586 207 3643 Eruet
219 3584 268 3642 ille
282 3585 383 3659 Argos,
397 3584 699 3677 Agamemnoniasque
712 3583 865 3658 Mycenas,

117 3665 272 3742 Ipsumque
285 3661 439 3735 AEaciden,
454 3680 544 3737 genus
558 3661 753 3738 armipotentis
767 3659 895 3733 Achilli;

115 3744 204 3806 Ultus
218 3762 285 3802 avos
299 3741 406 3820 Trojoe,
420 3740 529 3817 templa
542 3749 571 3798 et
582 3749 721 3799 temerata
734 3740 885 3798 Minervae.
1032 3743 1091 3798 840
1148 3807 1152 3814 ,

115 3824 191 3900 Quis
204 3830 233 3883 te
234 3839 361 3900 ‚magne
375 3818 600 3896 Catameitum,
614 3827 665 3878 aut
676 3827 716 3896 te,
730 3819 831 3896 Cosse,
845 3817 1007 3878 relinquat?
