2370 4176
96 218 118 278 0
442 219 725 280 aucomconuu

50 424 54 431 .
98 369 188 429 Nunc
202 368 289 427 ctiam
302 369 430 447 pecudes
443 370 558 428 umbras
572 378 602 429 et
614 371 719 447 higora
731 379 866 450 captut3

98 447 131 507 N
131 463 188 506 nnc
202 447 309 507 virides
323 448 410 507 etiam
423 449 569 508 occultant
581 450 694 525 spineta
706 450 847 510 lacertos:

98 524 249 603 Thestylis
263 534 293 585 et
306 527 405 604 rapido
418 527 501 586 sessis
514 527 690 586 messoribus
704 537 785 604 astu,

98 605 177 664 Allia
191 604 415 682 serpyllumque,
429 605 534 663 herbas
548 607 700 664 contundit
713 606 843 666 olentes:
957 608 968 617 ’

97 685 138 741 At
151 702 267 741 mecum
281 683 383 759 raucis,
398 692 448 741 tua
460 685 529 753 dum
543 685 666 760 vestigia
678 683 776 760 lustro,

100 762 168 820 Sole
182 761 235 819 sub
250 762 361 820 ardenti
373 772 508 820 resonant
521 761 635 821 arbusta
648 763 763 821 cicadis.

98 840 206 900 Nonne
221 840 274 900 suit
287 841 375 900 satius
389 841 483 899 tristes
497 840 684 918 Amaryllidis
697 842 753 899 iras

98 920 195 995 Atque
210 919 333 995 superba
345 919 405 996 pati
418 919 554 978 fastidia?
576 938 673 978 nonne
687 919 854 994 Menalcan,

99 997 241 1068 Quamvis
255 996 304 1054 ille
318 999 409 1072 niger,
424 998 554 1074 quamvis
568 1007 599 1057 tu
614 998 753 1056 candidus
768 1001 871 1056 esses?

99 1076 126 1134 Ο
140 1076 263 1133 formose
277 1095 358 1153 puer,
373 1074 495 1134 nimium
510 1095 547 1133 nc
561 1078 649 1134 crede
660 1075 768 1148 colori,

98 1152 175 1237 Alba
188 1154 306 1228 ligustra
319 1154 435 1229 cadunt,
449 1155 583 1212 vaccinia
596 1155 678 1230 nigra
691 1154 834 1230 leguntur.

99 1232 263 1309 Despectus
277 1232 330 1290 tibi
344 1251 417 1308 sum,
432 1251 487 1290 nec
501 1233 550 1309 qui
564 1233 618 1291 sim
633 1234 745 1310 quaeris,
760 1234 867 1307 Alexi;

101 1309 198 1381 Quam
213 1312 294 1369 dives
307 1312 420 1388 pecoris
434 1311 522 1386 nivei,
537 1309 624 1388 quim
638 1312 719 1370 lactis
734 1312 892 1369 abundans.

100 1389 186 1447 Mille
200 1409 273 1448 meae
289 1390 394 1448 Siculis
408 1400 504 1449 errant
517 1391 547 1448 in
561 1389 707 1448 montibus
721 1408 822 1464 aguae3

100 1469 159 1529 Lac
174 1468 246 1526 mihi
259 1488 318 1526 non
333 1477 430 1526 aestate
444 1488 562 1542 novum,
578 1487 636 1526 non
650 1467 755 1542 frigore
770 1468 848 1525 defit.

100 1547 204 1622 Canto,
220 1564 284 1622 quae
299 1546 410 1622 solitus,
425 1546 450 1603 si
465 1547 580 1622 quando
595 1554 722 1603 armentu
735 1545 865 1621 vocabat,

68 1658 73 1668 ·
99 1625 249 1703 Amphion
263 1625 395 1684 Dircaeus
408 1625 439 1682 in
452 1626 553 1682 Actaeo
567 1624 743 1701 Aracyntho.

100 1704 166 1763 Nec
179 1722 244 1763 sum
259 1700 332 1761 oded
344 1703 474 1761 informis
485 1723 493 1776 ;
515 1721 607 1780 nuper
620 1722 668 1761 me
682 1704 712 1761 in
726 1703 821 1762 littore
834 1703 904 1776 vidi,

101 1783 201 1853 Quum
214 1781 360 1859 placidum
374 1783 468 1840 ventis
482 1790 570 1841 staret
583 1801 680 1841 mare-z
703 1802 761 1840 non
776 1801 830 1858 ego
844 1781 993 1859 Daphnin,

98 1861 202 1920 Judice
216 1869 258 1955 te,
270 1869 406 1937 metuam,
421 1862 445 1919 si
459 1881 606 1938 nunquam
620 1862 699 1919 fallat
713 1862 819 1936 imago.

140 1941 167 1999 Ο
182 1947 295 1997 tantum
308 1939 398 1998 libeat
412 1959 528 1998 mecum
542 1940 595 1998 tibi
609 1941 803 1998 sordidarum

100 2020 197 2095 Atque
212 2017 338 2077 humiles
352 2019 482 2077 habitare
496 2037 587 2093 casas,
603 2027 633 2075 et
645 2018 734 2092 figere
749 2037 860 2091 cervos,

100 2096 317 2172 Haedorumque
332 2116 448 2173 gregem
462 2096 546 2153 viridi
561 2095 734 2172 compellere
748 2095 880 2153 hibisco!

100 2175 221 2234 Mecum
235 2177 293 2233 und
307 2176 337 2232 iu
351 2175 430 2232 silvis
444 2174 595 2233 imitabere
608 2174 690 2232 Pana
703 2174 854 2231 canendo:

99 2252 163 2312 Pan
178 2255 288 2332 primus
302 2253 427 2311 calamos
441 2254 507 2310 ceri
522 2255 698 2331 conjungere
711 2252 808 2329 plures

101 2331 248 2406 Instituit;
270 2332 333 2389 Pan
347 2342 510 2390 curatores
524 2329 679 2406 oviumque
693 2330 852 2406 magistros.

100 2410 132 2469 N
134 2430 167 2468 ec
181 2419 210 2470 te
224 2410 363 2488 poeniteat
376 2410 488 2467 calamo
504 2409 617 2468 trivisse
631 2408 768 2467 labellum
784 2429 790 2465 z
835 2427 840 2435 ¹

101 2489 176 2547 Haec
190 2491 292 2548 eadem
306 2497 338 2547 ut
351 2488 530 2564 sciret,·-quid
543 2508 602 2547 non
616 2487 739 2546 faciebat
751 2490 895 2564 Amyntas
907 2488 926 2544 ἓ·

101 2567 157 2626 Est
171 2568 242 2626 mihi
257 2567 418 2644 disparibus
432 2575 544 2644 septem
559 2575 709 2644 compacta
722 2567 824 2627 cicutis

101 2646 222 2722 Fistula,
238 2647 387 2705 Damoetas
402 2647 478 2704 dono
492 2645 564 2704 mihi
579 2665 664 2723 quam
678 2647 758 2706 dedit
770 2647 850 2721 olim,

102 2724 143 2784 Et
156 2726 230 2784 dixit
243 2725 368 2784 moriens
381 2746 387 2784 z
410 2725 455 2784 Te
469 2744 546 2784 nunc
560 2725 650 2784 habet
663 2726 718 2784 ista
731 2725 901 2784 secundum.

102 2804 187 2863 Dixit
200 2805 368 2876 Damoetas3
391 2804 496 2863 invidit
510 2805 613 2863 stultus
627 2807 778 2880 Amyntas.
966 2809 968 2812 ’

101 2882 247 2944 Preterea
260 2884 327 2959 duo,
342 2901 397 2940 nec
411 2883 472 2941 tuti
487 2882 559 2940 mihi
573 2882 648 2940 valle
662 2883 777 2959 reperti,

102 2962 247 3040 capreoli,
262 2961 368 3040 sparsis
383 2962 469 3019 etiam
483 2979 561 3018 nunc
575 2959 700 3038 pellibus
715 2959 790 3035 albo,

102 3042 179 3100 Bina
192 3043 239 3100 die
254 3042 363 3100 siccant
376 3040 438 3098 ovis
452 3039 560 3111 ubera3
583 3057 655 3116 quos
668 3038 721 3096 tibi
735 3056 829 3097 servo.

103 3119 168 3181 Jam
181 3119 293 3197 pridem
308 3139 325 3178 a
338 3138 385 3177 me
399 3119 464 3176 illos
479 3118 622 3176 abducere
632 3115 786 3193 ¹Thestylis
799 3122 880 3189 orat;

103 3198 146 3259 Et
157 3197 252 3281 saciet,
267 3198 402 3276 quoniam
417 3197 534 3256 sordent
547 3195 600 3256 tibi
613 3214 734 3254 munera
746 3202 851 3254 nostra

142 3276 211 3336 Huc
226 3277 304 3354 ades,
319 3296 336 3335 o
351 3276 476 3335 formose
488 3294 579 3353 puer:
601 3274 654 3332 tibi
668 3274 729 3332 lilia
741 3273 837 3351 plenis

104 3354 185 3414 Ecce
199 3355 294 3415 ierunt
307 3355 454 3433 Nymphae
468 3353 589 3414 calathis
600 3373 608 3426 ;
631 3352 684 3412 tibi
697 3352 820 3412 candida
833 3350 917 3426 Nais,

103 3432 252 3494 Pallentes
265 3434 357 3493 violas
371 3443 400 3493 et
414 3453 526 3493 summa
538 3451 682 3511 papavera
695 3449 825 3510 carpens,
1004 3470 1006 3474 -

82 3557 84 3563 .
103 3513 273 3579 Narcissum
288 3522 318 3574 et
330 3513 431 3572 florem
448 3513 545 3592 jungit
558 3513 634 3571 bene
648 3510 753 3570 olentis
768 3509 885 3582 anethl;

104 3591 194 3668 Tum,
209 3592 287 3653 casii
302 3600 387 3671 atque
402 3592 465 3652 aliis
478 3592 613 3651 intexens
627 3589 762 3650 suavibus
775 3587 884 3663 herbis,

104 3669 209 3731 Mollia
222 3668 329 3732 lut'eolb
362 3672 435 3749 ingit
447 3671 578 3731 vaccinia
591 3669 696 3730 calthd.

105 3747 174 3830 lpse
188 3769 242 3830 ego
255 3770 328 3811 cana
341 3691 437 3829 llegam
451 3751 551 3812 teneri
565 3749 701 3829 lanugine
715 3749 801 3829 mala,
