2400 4178
440 265 447 275 ‚
533 201 705 258 mensu

107 350 168 407 Aut
181 348 238 405 illae
253 349 352 424 pecori
364 349 507 424 frondem3
522 359 573 407 aut
584 349 747 426 pastoribus
760 350 888 427 umbras,

109 427 271 500 Sufficiunt,
299 445 457 504 sepemque
471 428 549 502 satis,
564 437 593 486 et
605 427 712 504 pabule
725 428 814 486 melli.

108 505 149 562 Et
158 506 242 581 juvat
255 506 411 563 undantem
426 506 503 563 buxo
517 514 648 583 spectare
661 506 811 580 Cytorum,
920 544 924 551 ·

107 582 302 658 Naryciusque
316 584 390 658 picis
404 584 505 640 lucos:
523 588 606 661 juvat
620 602 688 640 arva
700 584 809 660 videre,
912 637 916 644 .

107 660 138 717 N
139 679 177 717 on
192 661 286 717 rastris
301 662 462 735 bominum,
477 680 536 718 non
550 661 603 718 ulli
616 661 743 718 obnoxia
756 680 843 720 curae.

108 739 184 814 Ipsae
200 739 343 796 Caucasio
358 740 468 798 steriles
482 740 512 796 in
526 739 633 797 vertice
648 738 738 814 silve,

108 815 189 886 Quos
205 816 325 874 animosi
340 818 414 875 Euri
427 815 542 874 assidue
556 818 748 893 franguntque
761 816 924 895 feruntque,

107 894 187 951 Dant
200 894 271 951 alios
286 896 349 952 aliae
363 896 468 968 foetus;
490 897 560 954 daut
573 896 644 953 utile
657 895 778 971 lignum,

106 971 137 1030 N
139 972 239 1047 avigiis
253 973 346 1049 pinos,
361 973 495 1031 domibus
509 975 688 1048 cedrumque
702 992 921 1051 cupressosque.

107 1049 187 1106 Hinc
202 1051 295 1107 radios
309 1049 413 1108 trivere
426 1052 505 1126 rotis,
520 1052 588 1109 binc
603 1059 740 1127 tympana
752 1052 895 1128 plaustris,

107 1127 261 1201 Agricolae,
276 1137 305 1186 et
318 1130 428 1204 pandas
442 1129 550 1186 ratibus
562 1127 688 1206 posudre
702 1131 821 1187 carinas.

108 1204 275 1261 Viminibus
289 1206 393 1263 salices
406 1206 560 1282 foecundae,
574 1207 721 1264 frondibus
735 1208 826 1265 ulmi:

107 1284 148 1340 At
162 1291 272 1359 myrtus
286 1283 388 1340 validis
402 1283 562 1358 hastilibus,
577 1293 607 1342 et
618 1283 695 1341 bona
707 1282 785 1343 bello

108 1358 241 1432 Cornus3
264 1360 384 1436 Ityroeos
393 1361 457 1418 taxi
471 1368 638 1437 torquentur
650 1361 681 1419 in
695 1380 787 1420 areas.

108 1438 173 1495 Nec
187 1439 255 1496 tiliae
269 1439 358 1512 leves,
373 1447 423 1496 aut
436 1447 517 1496 torno
531 1439 615 1497 rasile
628 1439 748 1514 buxum,

107 1516 138 1573 N
139 1535 176 1572 on
191 1516 309 1574 formam
324 1517 484 1593 accipiunt,-
493 1517 625 1593 ferroque
639 1526 777 1575 cavantur
790 1526 893 1575 acuto:

106 1594 173 1651 Nec
187 1613 244 1651 non
260 1603 288 1652 et
301 1603 455 1652 torrentem
469 1597 577 1652 undam
589 1596 662 1652 levis
675 1596 786 1655 innatet
800 1596 882 1653 alnus

108 1672 201 1728 Missa
213 1672 303 1746 Pado,
318 1691 373 1728 nec
387 1692 445 1729 non
460 1681 489 1730 et
503 1692 571 1749 apes
585 1673 719 1730 examina
731 1675 861 1730 condunt
924 1683 927 1689 ’

107 1749 330 1823 corticibusque
344 1749 608 1825 cavis-vitiosaeque
618 1751 693 1808 ilicis
707 1751 799 1809 alveo.

36 1888 41 1894 ,
109 1825 188 1896 Quid
202 1828 421 1883 memorandum
435 1825 518 1902 aequd
533 1828 681 1884 Baccheia
694 1829 771 1885 dona
784 1828 936 1885 tulerunt?
975 1855 981 1866 ·

106 1904 241 1961 Bocchus
256 1912 285 1961 et
299 1905 334 1960 ad
348 1905 463 1980 culpam
477 1923 579 1961 causas
593 1905 691 1962 dedit:
712 1905 762 1962 ille
775 1904 902 1963 furentes
978 1936 984 1945 ·

107 1983 268 2039 Centauros
281 1982 339 2044 leto
354 1982 474 2055 domuit,
489 1982 698 2056 Rhoetumque,
713 1982 907 2057 Pholumque,
928 2031 932 2040 .

50 2074 52 2078 ⁴
107 2060 147 2116 Et
161 2080 265 2134 magno
279 2060 418 2135 Hylaeum
432 2059 563 2136 Lapithis
578 2067 687 2116 cratere
700 2059 869 2117 minantem.

147 2137 172 2195 Ο
187 2138 344 2195 fortunatos
358 2133 491 2211 nimiirm,
506 2138 596 2195 suasi
610 2137 686 2194 bona
698 2135 804 2212 norint,

105 2215 265 2291 Agricolas,
280 2216 385 2291 quibus
398 2215 470 2291 ipsa,
484 2216 585 2291 procul
600 2215 780 2274 discordibus
794 2215 890 2290 armiq

105 2294 216 2351 Fundit
229 2294 320 2351 humo
335 2293 448 2350 facilem
461 2295 572 2351 victum
583 2294 743 2371 justissima
754 2289 859 2352 tellus!

108 2372 140 2428 Si
153 2391 211 2429 non
225 2372 373 2447 ingentem
387 2371 496 2430 foribus
510 2372 612 2429 domus
626 2371 683 2430 alta
696 2371 828 2447 superbis

106 2448 197 2505 Mane
212 2449 385 2508 salutantium
399 2450 466 2506 totis
479 2449 571 2506 vomit
584 2449 695 2507 aedibus
707 2449 828 2524 undam,

106 2525 138 2584 N
139 2544 173 2582 ee
188 2527 281 2583 varios
294 2527 407 2583 inhiant
419 2527 540 2602 pulchris
553 2527 698 2584 testudine
712 2533 822 2602 postes,
938 2544 946 2561 ⁹

108 2602 270 2678 lllusasque
284 2621 353 2659 auro
367 2611 472 2676 vestes,
487 2603 694 2679 Ephyre'itque
709 2623 784 2676 aera5
901 2599 905 2605 ’

107 2681 184 2738 Alba
197 2684 294 2755 neque
306 2680 425 2754 Assyrio
439 2679 552 2736 fucatur
564 2680 631 2737 lana
642 2698 767 2754 veneno,

107 2758 173 2819 Nec
188 2758 265 2815 casia
278 2757 383 2834 liquidi
396 2757 588 2833 corrumpitur
600 2776 671 2814 usus
684 2757 772 2814 olivi:

106 2839 147 2894 At
161 2855 262 2894 secura
274 2836 366 2912 quies,
382 2844 412 2893 et
424 2835 524 2893 nescia
537 2835 634 2892 fallere
648 2836 716 2909 vita,

107 2916 199 2972 Dives
213 2934 303 2991 opum
317 2914 459 2971 variarum
471 2933 479 2986 ;
502 2921 530 2972 at
543 2914 607 2971 latis
622 2913 680 2971 otia
692 2913 799 2986 fundis,

109 2993 273 3070 Speluncae,
288 2992 406 3067 vivique
420 2992 501 3049 lacus
513 3012 521 3065 ;
544 3001 573 3050 at
586 2992 687 3066 frigida
701 2992 825 3067 Tempe,

107 3072 298 3146 Mugitusque
311 3067 411 3145 boum,
426 3071 587 3146 mollesque
601 3068 655 3127 sub
670 3069 769 3126 arbore
784 3069 887 3143 somni,

107 3150 176 3207 Non
192 3149 314 3221 absunt;
337 3149 397 3207 illic
411 3148 500 3206 saltus
514 3167 547 3206 ac
562 3149 652 3205 lustra
665 3147 799 3224 ferarum,

107 3228 149 3286 Et
161 3229 273 3304 patiens
287 3246 407 3303 opernm
421 3228 586 3302 exiguoque
600 3232 714 3283 assueta
723 3228 873 3303 juventus,

109 3306 198 3363 Sacra
211 3305 308 3380 decim,
323 3305 472 3381 sanctique
486 3314 599 3380 patres:
622 3312 751 3361 extrema
762 3321 815 3380 per
827 3302 892 3360 illos

106 3384 124 3441 J
125 3384 222 3440 ustitia
236 3383 381 3440 excedens
394 3384 476 3442 terris
489 3383 612 3458 vestigia
624 3381 701 3439 fecit.

146 3462 199 3519 Me
213 3457 282 3517 verb
296 3458 424 3537 primdm
436 3460 537 3519 dulces
551 3469 618 3518 ante
632 3459 730 3517 omnia
743 3458 850 3533 Musae,

109 3538 240 3611 Quarum
256 3557 336 3595 sacra
349 3539 408 3596 fero
421 3539 532 3613 ingenti
545 3557 699 3615 percussus
713 3555 820 3610 amore,

107 3612 281 3693 Accipiunt3
303 3616 503 3693 coelique-vias
517 3624 546 3674 et
560 3616 654 3673 sidera
667 3621 843 3688 monstrent„

108 3694 249 3756 Defectus
263 3694 331 3753 solis
344 3694 597 3776 varioszlunieque
611 3693 749 3765 laborem
