<?xml version="1.0" encoding="UTF-8"?>
<!DOCTYPE html PUBLIC "-//W3C//DTD XHTML 1.0 Transitional//EN"
    "http://www.w3.org/TR/xhtml1/DTD/xhtml1-transitional.dtd">
<html xmlns="http://www.w3.org/1999/xhtml" xml:lang="en" lang="en">
 <head>
  <title>
</title>
<meta http-equiv="Content-Type" content="text/html;charset=utf-8" />
  <meta name='ocr-system' content='tesseract 3.04.00' />
  <meta name='ocr-capabilities' content='ocr_page ocr_carea ocr_par ocr_line ocrx_word'/>
</head>
<body>
  <div class='ocr_page' id='page_1' title='image "./bucolicageorgic02virggoog/bucolicageorgic02virggoog_0087.png"; bbox 0 0 2400 4178; ppageno 0'>
   <div class='ocr_carea' id='block_1_1' title="bbox 105 182 711 245">
    <p class='ocr_par' dir='ltr' id='par_1_1' title="bbox 105 182 711 245">
     <span class='ocr_line' id='line_1_1' title="bbox 105 182 711 245; baseline -0.01 0"><span class='ocrx_word' id='word_1_1' title='bbox 105 188 144 245; x_wconf 73' lang='grc'><strong>81</strong></span> <span class='ocrx_word' id='word_1_2' title='bbox 529 182 711 241; x_wconf 73' lang='lat' dir='ltr'>AENEIDOS</span> 
     </span>
    </p>
   </div>
   <div class='ocr_carea' id='block_1_2' title="bbox 103 330 1098 3800">
    <p class='ocr_par' dir='ltr' id='par_1_2' title="bbox 106 330 951 1905">
     <span class='ocr_line' id='line_1_2' title="bbox 109 330 831 413; baseline 0 -18"><span class='ocrx_word' id='word_1_3' title='bbox 109 334 208 395; x_wconf 83' lang='lat' dir='ltr'><strong>Efficit</strong></span> <span class='ocrx_word' id='word_1_4' title='bbox 221 333 336 413; x_wconf 89' lang='lat' dir='ltr'><strong>objectu</strong></span> <span class='ocrx_word' id='word_1_5' title='bbox 349 332 483 409; x_wconf 83' lang='lat' dir='ltr'><strong>laterum,</strong></span> <span class='ocrx_word' id='word_1_6' title='bbox 496 330 602 411; x_wconf 86' lang='lat' dir='ltr'><strong>quibua</strong></span> <span class='ocrx_word' id='word_1_7' title='bbox 614 332 710 393; x_wconf 87' lang='lat' dir='ltr'><strong>omnia</strong></span> <span class='ocrx_word' id='word_1_8' title='bbox 722 332 760 393; x_wconf 91' lang='lat' dir='ltr'><strong>ab</strong></span> <span class='ocrx_word' id='word_1_9' title='bbox 772 332 831 395; x_wconf 83' lang='lat' dir='ltr'><strong>alto</strong></span> 
     </span>
     <span class='ocr_line' id='line_1_3' title="bbox 108 412 908 491; baseline 0.003 -18"><span class='ocrx_word' id='word_1_10' title='bbox 108 414 262 491; x_wconf 71' lang='lat' dir='ltr'><strong>Frangitur</strong></span> <span class='ocrx_word' id='word_1_11' title='bbox 275 414 364 489; x_wconf 88' lang='lat' dir='ltr'><strong>inque</strong></span> <span class='ocrx_word' id='word_1_12' title='bbox 377 414 457 471; x_wconf 89' lang='lat' dir='ltr'><strong>sinus</strong></span> <span class='ocrx_word' id='word_1_13' title='bbox 472 412 579 471; x_wconf 81' lang='lat' dir='ltr'><strong>scindit</strong></span> <span class='ocrx_word' id='word_1_14' title='bbox 592 430 658 471; x_wconf 86' lang='lat' dir='ltr'><strong>sese</strong></span> <span class='ocrx_word' id='word_1_15' title='bbox 670 412 751 472; x_wconf 84' lang='lat' dir='ltr'><strong>unda</strong></span> <span class='ocrx_word' id='word_1_16' title='bbox 763 414 908 475; x_wconf 73' lang='lat' dir='ltr'><strong>reductas-</strong></span> 
     </span>
     <span class='ocr_line' id='line_1_4' title="bbox 108 491 918 571; baseline 0.001 -20"><span class='ocrx_word' id='word_1_17' title='bbox 108 492 187 551; x_wconf 89' lang='lat' dir='ltr'><strong>Hinc</strong></span> <span class='ocrx_word' id='word_1_18' title='bbox 202 504 288 571; x_wconf 91' lang='lat' dir='ltr'><strong>atque</strong></span> <span class='ocrx_word' id='word_1_19' title='bbox 301 492 369 549; x_wconf 91' lang='lat' dir='ltr'><strong>hinc</strong></span> <span class='ocrx_word' id='word_1_20' title='bbox 383 499 471 567; x_wconf 72' lang='lat' dir='ltr'><strong>vaste</strong></span> <span class='ocrx_word' id='word_1_21' title='bbox 486 510 573 569; x_wconf 90' lang='lat' dir='ltr'><strong>mpes</strong></span> <span class='ocrx_word' id='word_1_22' title='bbox 586 491 754 569; x_wconf 77' lang='lat' dir='ltr'><strong>geminique</strong></span> <span class='ocrx_word' id='word_1_23' title='bbox 767 492 918 555; x_wconf 73' lang='lat' dir='ltr'><strong>minantm</strong></span> 
     </span>
     <span class='ocr_line' id='line_1_5' title="bbox 108 566 794 649; baseline 0.001 -21"><span class='ocrx_word' id='word_1_24' title='bbox 108 571 143 629; x_wconf 92' lang='lat' dir='ltr'><strong>ln</strong></span> <span class='ocrx_word' id='word_1_25' title='bbox 158 572 264 630; x_wconf 86' lang='lat' dir='ltr'><strong>coelum</strong></span> <span class='ocrx_word' id='word_1_26' title='bbox 279 568 400 647; x_wconf 78' lang='lat' dir='ltr'><strong>scopuli,</strong></span> <span class='ocrx_word' id='word_1_27' title='bbox 415 588 536 649; x_wconf 90' lang='lat' dir='ltr'><strong>quorum</strong></span> <span class='ocrx_word' id='word_1_28' title='bbox 550 570 604 628; x_wconf 90' lang='lat' dir='ltr'><strong>sub</strong></span> <span class='ocrx_word' id='word_1_29' title='bbox 617 570 727 629; x_wconf 84' lang='lat' dir='ltr'><strong>vertice</strong></span> <span class='ocrx_word' id='word_1_30' title='bbox 735 566 794 629; x_wconf 77' lang='lat' dir='ltr'><strong>rma</strong></span> 
     </span>
     <span class='ocr_line' id='line_1_6' title="bbox 108 648 852 727; baseline 0 -18"><span class='ocrx_word' id='word_1_31' title='bbox 108 650 240 727; x_wconf 84' lang='lat' dir='ltr'><strong>AEquora</strong></span> <span class='ocrx_word' id='word_1_32' title='bbox 251 656 313 709; x_wconf 89' lang='lat' dir='ltr'><strong>tuta</strong></span> <span class='ocrx_word' id='word_1_33' title='bbox 327 648 431 722; x_wconf 73' lang='lat' dir='ltr'><strong>silent,</strong></span> <span class='ocrx_word' id='word_1_34' title='bbox 452 658 515 707; x_wconf 87' lang='lat' dir='ltr'><strong>tum</strong></span> <span class='ocrx_word' id='word_1_35' title='bbox 529 648 610 707; x_wconf 77' lang='lat' dir='ltr'><strong>silvis</strong></span> <span class='ocrx_word' id='word_1_36' title='bbox 623 666 712 707; x_wconf 87' lang='lat' dir='ltr'><strong>scena</strong></span> <span class='ocrx_word' id='word_1_37' title='bbox 724 649 852 709; x_wconf 79' lang='lat' dir='ltr'><strong>coruscis</strong></span> 
     </span>
     <span class='ocr_line' id='line_1_7' title="bbox 107 726 951 805; baseline 0.005 -18"><span class='ocrx_word' id='word_1_38' title='bbox 107 730 252 805; x_wconf 88' lang='lat' dir='ltr'><strong>Desuper,</strong></span> <span class='ocrx_word' id='word_1_39' title='bbox 267 727 452 804; x_wconf 82' lang='lat' dir='ltr'><strong>horrentique</strong></span> <span class='ocrx_word' id='word_1_40' title='bbox 467 736 558 785; x_wconf 87' lang='lat' dir='ltr'><strong>atmm</strong></span> <span class='ocrx_word' id='word_1_41' title='bbox 572 746 676 786; x_wconf 91' lang='lat' dir='ltr'><strong>nemus</strong></span> <span class='ocrx_word' id='word_1_42' title='bbox 689 728 825 789; x_wconf 81' lang='lat' dir='ltr'><strong>imminet</strong></span> <span class='ocrx_word' id='word_1_43' title='bbox 836 726 951 791; x_wconf 63' lang='lat' dir='ltr'><strong>umbal-</strong></span> 
     </span>
     <span class='ocr_line' id='line_1_8' title="bbox 107 805 911 883; baseline -0.001 -17"><span class='ocrx_word' id='word_1_44' title='bbox 107 807 215 865; x_wconf 85' lang='lat' dir='ltr'><strong>Fronte</strong></span> <span class='ocrx_word' id='word_1_45' title='bbox 229 806 283 865; x_wconf 94' lang='lat' dir='ltr'><strong>sub</strong></span> <span class='ocrx_word' id='word_1_46' title='bbox 294 806 415 864; x_wconf 77' lang='lat' dir='ltr'><strong>adversa</strong></span> <span class='ocrx_word' id='word_1_47' title='bbox 429 807 556 883; x_wconf 88' lang='lat' dir='ltr'><strong>scopulis</strong></span> <span class='ocrx_word' id='word_1_48' title='bbox 568 805 765 883; x_wconf 88' lang='lat' dir='ltr'><strong>pendentibus</strong></span> <span class='ocrx_word' id='word_1_49' title='bbox 777 814 911 881; x_wconf 86' lang='lat' dir='ltr'><strong>autrum;</strong></span> 
     </span>
     <span class='ocr_line' id='line_1_9' title="bbox 109 883 840 961; baseline 0.005 -20"><span class='ocrx_word' id='word_1_50' title='bbox 109 883 189 944; x_wconf 88' lang='lat' dir='ltr'><strong>intus</strong></span> <span class='ocrx_word' id='word_1_51' title='bbox 203 904 285 961; x_wconf 79' lang='lat' dir='ltr'><strong>aqum</strong></span> <span class='ocrx_word' id='word_1_52' title='bbox 300 884 412 958; x_wconf 84' lang='lat' dir='ltr'><strong>dulces,</strong></span> <span class='ocrx_word' id='word_1_53' title='bbox 426 885 552 961; x_wconf 81' lang='lat' dir='ltr'><strong>rivoque</strong></span> <span class='ocrx_word' id='word_1_54' title='bbox 565 885 668 943; x_wconf 87' lang='lat' dir='ltr'><strong>sedilia</strong></span> <span class='ocrx_word' id='word_1_55' title='bbox 680 903 760 961; x_wconf 81' lang='lat' dir='ltr'><strong>suo,</strong></span> <span class='ocrx_word' id='word_1_56' title='bbox 836 916 840 923; x_wconf 94' lang='lat'>·</span> 
     </span>
     <span class='ocr_line' id='line_1_10' title="bbox 107 962 926 1041; baseline 0.005 -19"><span class='ocrx_word' id='word_1_57' title='bbox 107 963 311 1041; x_wconf 82' lang='lat' dir='ltr'><strong>Nympharum</strong></span> <span class='ocrx_word' id='word_1_58' title='bbox 325 964 447 1021; x_wconf 91' lang='lat' dir='ltr'><strong>domus:</strong></span> <span class='ocrx_word' id='word_1_59' title='bbox 468 963 517 1021; x_wconf 91' lang='lat' dir='ltr'><strong>hic</strong></span> <span class='ocrx_word' id='word_1_60' title='bbox 531 964 621 1023; x_wconf 87' lang='lat' dir='ltr'><strong>fessas</strong></span> <span class='ocrx_word' id='word_1_61' title='bbox 634 982 692 1022; x_wconf 92' lang='lat' dir='ltr'><strong>non</strong></span> <span class='ocrx_word' id='word_1_62' title='bbox 705 962 823 1023; x_wconf 84' lang='lat' dir='ltr'><strong>vincula</strong></span> <span class='ocrx_word' id='word_1_63' title='bbox 834 982 926 1025; x_wconf 64' lang='lat' dir='ltr'><strong>aava</strong></span> 
     </span>
     <span class='ocr_line' id='line_1_11' title="bbox 107 1042 831 1117; baseline -0.006 -14"><span class='ocrx_word' id='word_1_64' title='bbox 107 1042 176 1103; x_wconf 87' lang='lat' dir='ltr'><strong>Ulla</strong></span> <span class='ocrx_word' id='word_1_65' title='bbox 190 1051 297 1117; x_wconf 89' lang='lat' dir='ltr'><strong>tenent,</strong></span> <span class='ocrx_word' id='word_1_66' title='bbox 313 1061 389 1099; x_wconf 89' lang='lat' dir='ltr'><strong>unco</strong></span> <span class='ocrx_word' id='word_1_67' title='bbox 403 1062 461 1099; x_wconf 94' lang='lat' dir='ltr'><strong>non</strong></span> <span class='ocrx_word' id='word_1_68' title='bbox 475 1042 573 1117; x_wconf 86' lang='lat' dir='ltr'><strong>alligat</strong></span> <span class='ocrx_word' id='word_1_69' title='bbox 586 1042 711 1100; x_wconf 85' lang='lat' dir='ltr'><strong>anchora</strong></span> <span class='ocrx_word' id='word_1_70' title='bbox 723 1062 831 1102; x_wconf 90' lang='lat' dir='ltr'><strong>morsu.</strong></span> 
     </span>
     <span class='ocr_line' id='line_1_12' title="bbox 107 1119 801 1198; baseline 0.003 -21"><span class='ocrx_word' id='word_1_71' title='bbox 107 1120 176 1177; x_wconf 89' lang='lat' dir='ltr'><strong>Huc</strong></span> <span class='ocrx_word' id='word_1_72' title='bbox 191 1132 301 1198; x_wconf 80' lang='lat' dir='ltr'><strong>septem</strong></span> <span class='ocrx_word' id='word_1_73' title='bbox 316 1121 427 1179; x_wconf 86' lang='lat' dir='ltr'><strong>AEneas</strong></span> <span class='ocrx_word' id='word_1_74' title='bbox 441 1121 569 1182; x_wconf 86' lang='lat' dir='ltr'><strong>collectis</strong></span> <span class='ocrx_word' id='word_1_75' title='bbox 583 1119 706 1179; x_wconf 88' lang='lat' dir='ltr'><strong>navibus</strong></span> <span class='ocrx_word' id='word_1_76' title='bbox 719 1121 801 1179; x_wconf 90' lang='lat' dir='ltr'><strong>omui</strong></span> 
     </span>
     <span class='ocr_line' id='line_1_13' title="bbox 107 1198 821 1275; baseline 0.003 -18"><span class='ocrx_word' id='word_1_77' title='bbox 107 1199 156 1257; x_wconf 81' lang='lat' dir='ltr'><strong>Ex</strong></span> <span class='ocrx_word' id='word_1_78' title='bbox 169 1218 289 1257; x_wconf 91' lang='lat' dir='ltr'><strong>numero</strong></span> <span class='ocrx_word' id='word_1_79' title='bbox 303 1198 398 1272; x_wconf 88' lang='lat' dir='ltr'><strong>suhit;</strong></span> <span class='ocrx_word' id='word_1_80' title='bbox 420 1218 464 1275; x_wconf 91' lang='lat' dir='ltr'><strong>ac,</strong></span> <span class='ocrx_word' id='word_1_81' title='bbox 479 1218 584 1273; x_wconf 85' lang='lat' dir='ltr'><strong>magno</strong></span> <span class='ocrx_word' id='word_1_82' title='bbox 597 1199 709 1257; x_wconf 87' lang='lat' dir='ltr'><strong>telluris</strong></span> <span class='ocrx_word' id='word_1_83' title='bbox 722 1216 821 1259; x_wconf 84' lang='lat' dir='ltr'><strong>amore</strong></span> 
     </span>
     <span class='ocr_line' id='line_1_14' title="bbox 108 1277 726 1413; baseline 0.002 -79"><span class='ocrx_word' id='word_1_84' title='bbox 108 1277 236 1353; x_wconf 80' lang='lat' dir='ltr'><strong>Egressi,</strong></span> <span class='ocrx_word' id='word_1_85' title='bbox 251 1278 346 1413; x_wconf 61' lang='lat' dir='ltr'><strong>optati</strong></span> <span class='ocrx_word' id='word_1_86' title='bbox 360 1278 509 1355; x_wconf 91' lang='lat' dir='ltr'><strong>potiuntur</strong></span> <span class='ocrx_word' id='word_1_87' title='bbox 521 1277 616 1337; x_wconf 72' lang='lat' dir='ltr'><strong>Trois</strong></span> <span class='ocrx_word' id='word_1_88' title='bbox 629 1278 726 1353; x_wconf 83' lang='lat' dir='ltr'><strong>arend,</strong></span> 
     </span>
     <span class='ocr_line' id='line_1_15' title="bbox 107 1356 745 1433; baseline 0 -19"><span class='ocrx_word' id='word_1_89' title='bbox 107 1356 148 1415; x_wconf 88' lang='lat' dir='ltr'><strong>Et</strong></span> <span class='ocrx_word' id='word_1_90' title='bbox 161 1357 220 1415; x_wconf 90' lang='lat' dir='ltr'><strong>sale</strong></span> <span class='ocrx_word' id='word_1_91' title='bbox 234 1365 263 1415; x_wconf 88' lang='lat' dir='ltr'><strong>ta</strong></span> <span class='ocrx_word' id='word_1_92' title='bbox 284 1365 364 1414; x_wconf 90' lang='lat' dir='ltr'><strong>entes</strong></span> <span class='ocrx_word' id='word_1_93' title='bbox 379 1366 456 1415; x_wconf 81' lang='lat' dir='ltr'><strong>anus</strong></span> <span class='ocrx_word' id='word_1_94' title='bbox 470 1357 500 1415; x_wconf 93' lang='lat' dir='ltr'><strong>in</strong></span> <span class='ocrx_word' id='word_1_95' title='bbox 515 1356 610 1416; x_wconf 88' lang='lat' dir='ltr'><strong>littore</strong></span> <span class='ocrx_word' id='word_1_96' title='bbox 624 1364 745 1433; x_wconf 84' lang='lat' dir='ltr'><strong>ponunt.</strong></span> 
     </span>
     <span class='ocr_line' id='line_1_16' title="bbox 106 1432 831 1513; baseline -0.003 -20"><span class='ocrx_word' id='word_1_97' title='bbox 106 1438 150 1493; x_wconf 86' lang='lat' dir='ltr'><strong>Ac</strong></span> <span class='ocrx_word' id='word_1_98' title='bbox 163 1434 288 1513; x_wconf 74' lang='lat' dir='ltr'><strong>primurn</strong></span> <span class='ocrx_word' id='word_1_99' title='bbox 304 1436 377 1493; x_wconf 90' lang='lat' dir='ltr'><strong>silici</strong></span> <span class='ocrx_word' id='word_1_100' title='bbox 391 1436 544 1493; x_wconf 82' lang='lat' dir='ltr'><strong>scintillam</strong></span> <span class='ocrx_word' id='word_1_101' title='bbox 559 1435 679 1493; x_wconf 84' lang='lat' dir='ltr'><strong>excudit</strong></span> <span class='ocrx_word' id='word_1_102' title='bbox 692 1432 831 1509; x_wconf 82' lang='lat' dir='ltr'><strong>Achates,</strong></span> 
     </span>
     <span class='ocr_line' id='line_1_17' title="bbox 108 1508 829 1591; baseline -0.003 -20"><span class='ocrx_word' id='word_1_103' title='bbox 108 1515 302 1591; x_wconf 87' lang='lat' dir='ltr'><strong>Suscepitque</strong></span> <span class='ocrx_word' id='word_1_104' title='bbox 316 1514 412 1587; x_wconf 90' lang='lat' dir='ltr'><strong>ignem</strong></span> <span class='ocrx_word' id='word_1_105' title='bbox 427 1513 512 1586; x_wconf 89' lang='lat' dir='ltr'><strong>foliis,</strong></span> <span class='ocrx_word' id='word_1_106' title='bbox 527 1520 613 1589; x_wconf 85' lang='lat' dir='ltr'><strong>atque</strong></span> <span class='ocrx_word' id='word_1_107' title='bbox 627 1513 706 1570; x_wconf 87' lang='lat' dir='ltr'><strong>arida</strong></span> <span class='ocrx_word' id='word_1_108' title='bbox 718 1508 829 1570; x_wconf 84' lang='lat' dir='ltr'><strong>circirm</strong></span> 
     </span>
     <span class='ocr_line' id='line_1_18' title="bbox 106 1590 891 1667; baseline -0.003 -18"><span class='ocrx_word' id='word_1_109' title='bbox 106 1591 137 1649; x_wconf 95' lang='lat' dir='ltr'>N</span> <span class='ocrx_word' id='word_1_110' title='bbox 139 1593 292 1649; x_wconf 86' lang='lat' dir='ltr'><strong>utrimenta</strong></span> <span class='ocrx_word' id='word_1_111' title='bbox 305 1592 393 1666; x_wconf 87' lang='lat' dir='ltr'><strong>dedit,</strong></span> <span class='ocrx_word' id='word_1_112' title='bbox 409 1591 558 1667; x_wconf 81' lang='lat' dir='ltr'><strong>tepuitque</strong></span> <span class='ocrx_word' id='word_1_113' title='bbox 572 1590 601 1648; x_wconf 94' lang='lat' dir='ltr'><strong>in</strong></span> <span class='ocrx_word' id='word_1_114' title='bbox 616 1590 717 1649; x_wconf 82' lang='lat' dir='ltr'><strong>fomite</strong></span> <span class='ocrx_word' id='word_1_115' title='bbox 733 1590 891 1649; x_wconf 88' lang='lat' dir='ltr'><strong>flammam.</strong></span> 
     </span>
     <span class='ocr_line' id='line_1_19' title="bbox 106 1668 913 1747; baseline 0.004 -21"><span class='ocrx_word' id='word_1_116' title='bbox 106 1669 185 1727; x_wconf 90' lang='lat' dir='ltr'><strong>Tum</strong></span> <span class='ocrx_word' id='word_1_117' title='bbox 200 1671 337 1728; x_wconf 87' lang='lat' dir='ltr'><strong>Cererem</strong></span> <span class='ocrx_word' id='word_1_118' title='bbox 352 1678 514 1747; x_wconf 88' lang='lat' dir='ltr'><strong>corruptam</strong></span> <span class='ocrx_word' id='word_1_119' title='bbox 528 1669 614 1728; x_wconf 90' lang='lat' dir='ltr'><strong>undis</strong></span> <span class='ocrx_word' id='word_1_120' title='bbox 627 1668 818 1745; x_wconf 69' lang='lat' dir='ltr'><strong>Cerealiaque</strong></span> <span class='ocrx_word' id='word_1_121' title='bbox 831 1688 913 1729; x_wconf 75' lang='lat' dir='ltr'><strong>mma</strong></span> 
     </span>
     <span class='ocr_line' id='line_1_20' title="bbox 107 1747 810 1827; baseline 0.003 -22"><span class='ocrx_word' id='word_1_122' title='bbox 107 1749 280 1827; x_wconf 85' lang='lat' dir='ltr'><strong>Expediunt</strong></span> <span class='ocrx_word' id='word_1_123' title='bbox 292 1749 360 1807; x_wconf 90' lang='lat' dir='ltr'><strong>fessi</strong></span> <span class='ocrx_word' id='word_1_124' title='bbox 374 1767 489 1821; x_wconf 73' lang='lat' dir='ltr'><strong>rerum,</strong></span> <span class='ocrx_word' id='word_1_125' title='bbox 510 1747 664 1825; x_wconf 81' lang='lat' dir='ltr'><strong>frugesque</strong></span> <span class='ocrx_word' id='word_1_126' title='bbox 679 1757 810 1826; x_wconf 76' lang='lat' dir='ltr'><strong>receptas</strong></span> 
     </span>
     <span class='ocr_line' id='line_1_21' title="bbox 107 1827 811 1905; baseline -0.001 -20"><span class='ocrx_word' id='word_1_127' title='bbox 107 1828 148 1885; x_wconf 90' lang='lat' dir='ltr'><strong>Et</strong></span> <span class='ocrx_word' id='word_1_128' title='bbox 160 1839 266 1886; x_wconf 87' lang='lat' dir='ltr'><strong>torrere</strong></span> <span class='ocrx_word' id='word_1_129' title='bbox 280 1837 382 1905; x_wconf 88' lang='lat' dir='ltr'><strong>parant</strong></span> <span class='ocrx_word' id='word_1_130' title='bbox 395 1828 529 1900; x_wconf 84' lang='lat' dir='ltr'><strong>flammis,</strong></span> <span class='ocrx_word' id='word_1_131' title='bbox 544 1835 573 1887; x_wconf 93' lang='lat' dir='ltr'><strong>et</strong></span> <span class='ocrx_word' id='word_1_132' title='bbox 586 1827 717 1904; x_wconf 76' lang='lat' dir='ltr'><strong>frangere</strong></span> <span class='ocrx_word' id='word_1_133' title='bbox 730 1846 811 1886; x_wconf 85' lang='lat' dir='ltr'><strong>saxo.</strong></span> 
     </span>
    </p>

    <p class='ocr_par' dir='ltr' id='par_1_3' title="bbox 103 1906 1098 3800">
     <span class='ocr_line' id='line_1_22' title="bbox 145 1906 911 1983; baseline -0.003 -19"><span class='ocrx_word' id='word_1_134' title='bbox 145 1906 256 1965; x_wconf 86' lang='lat' dir='ltr'><strong>AEneas</strong></span> <span class='ocrx_word' id='word_1_135' title='bbox 270 1908 423 1983; x_wconf 90' lang='lat' dir='ltr'><strong>scopulum</strong></span> <span class='ocrx_word' id='word_1_136' title='bbox 438 1908 548 1965; x_wconf 87' lang='lat' dir='ltr'><strong>interea</strong></span> <span class='ocrx_word' id='word_1_137' title='bbox 560 1908 738 1982; x_wconf 82' lang='lat' dir='ltr'><strong>conscendit,</strong></span> <span class='ocrx_word' id='word_1_138' title='bbox 749 1914 780 1964; x_wconf 90' lang='lat' dir='ltr'><strong>et</strong></span> <span class='ocrx_word' id='word_1_139' title='bbox 791 1922 911 1963; x_wconf 88' lang='lat' dir='ltr'><strong>omnem</strong></span> 
     </span>
     <span class='ocr_line' id='line_1_23' title="bbox 106 1984 864 2063; baseline 0 -22"><span class='ocrx_word' id='word_1_140' title='bbox 106 1984 295 2063; x_wconf 90' lang='lat' dir='ltr'><strong>Prospectum</strong></span> <span class='ocrx_word' id='word_1_141' title='bbox 310 1984 368 2043; x_wconf 74' lang='lat' dir='ltr'><strong>late</strong></span> <span class='ocrx_word' id='word_1_142' title='bbox 383 1986 487 2063; x_wconf 84' lang='lat' dir='ltr'><strong>pelago</strong></span> <span class='ocrx_word' id='word_1_143' title='bbox 500 1986 590 2061; x_wconf 90' lang='lat' dir='ltr'><strong>petit;</strong></span> <span class='ocrx_word' id='word_1_144' title='bbox 612 1986 729 2045; x_wconf 81' lang='lat' dir='ltr'><strong>Anthea</strong></span> <span class='ocrx_word' id='word_1_145' title='bbox 741 1984 864 2062; x_wconf 90' lang='lat' dir='ltr'><strong>siquem</strong></span> 
     </span>
     <span class='ocr_line' id='line_1_24' title="bbox 105 2063 831 2139; baseline -0.001 -19"><span class='ocrx_word' id='word_1_146' title='bbox 105 2063 250 2121; x_wconf 81' lang='lat' dir='ltr'><strong>lactatum</strong></span> <span class='ocrx_word' id='word_1_147' title='bbox 264 2073 352 2123; x_wconf 87' lang='lat' dir='ltr'><strong>vento</strong></span> <span class='ocrx_word' id='word_1_148' title='bbox 366 2065 471 2138; x_wconf 85' lang='lat' dir='ltr'><strong>rideat,</strong></span> <span class='ocrx_word' id='word_1_149' title='bbox 485 2063 683 2139; x_wconf 88' lang='lat' dir='ltr'><strong>Phrygiasque</strong></span> <span class='ocrx_word' id='word_1_150' title='bbox 696 2064 831 2135; x_wconf 90' lang='lat' dir='ltr'><strong>biremes,</strong></span> 
     </span>
     <span class='ocr_line' id='line_1_25' title="bbox 106 2140 861 2218; baseline -0.003 -19"><span class='ocrx_word' id='word_1_151' title='bbox 106 2145 167 2199; x_wconf 81' lang='lat' dir='ltr'><strong>Aut</strong></span> <span class='ocrx_word' id='word_1_152' title='bbox 181 2143 294 2218; x_wconf 81' lang='lat' dir='ltr'><strong>Capyn,</strong></span> <span class='ocrx_word' id='word_1_153' title='bbox 309 2150 359 2199; x_wconf 86' lang='lat' dir='ltr'><strong>aut</strong></span> <span class='ocrx_word' id='word_1_154' title='bbox 372 2142 458 2198; x_wconf 89' lang='lat' dir='ltr'><strong>celsis</strong></span> <span class='ocrx_word' id='word_1_155' title='bbox 470 2143 500 2198; x_wconf 93' lang='lat' dir='ltr'><strong>in</strong></span> <span class='ocrx_word' id='word_1_156' title='bbox 514 2141 663 2218; x_wconf 90' lang='lat' dir='ltr'><strong>puppibus</strong></span> <span class='ocrx_word' id='word_1_157' title='bbox 677 2160 756 2199; x_wconf 86' lang='lat' dir='ltr'><strong>arma</strong></span> <span class='ocrx_word' id='word_1_158' title='bbox 770 2140 861 2198; x_wconf 83' lang='lat' dir='ltr'><strong>Caici.</strong></span> 
     </span>
     <span class='ocr_line' id='line_1_26' title="bbox 104 2218 864 2295; baseline -0.003 -16"><span class='ocrx_word' id='word_1_159' title='bbox 104 2220 137 2279; x_wconf 91' lang='lat' dir='ltr'>N</span> <span class='ocrx_word' id='word_1_160' title='bbox 138 2238 220 2279; x_wconf 86' lang='lat' dir='ltr'><strong>avem</strong></span> <span class='ocrx_word' id='word_1_161' title='bbox 235 2222 264 2278; x_wconf 90' lang='lat' dir='ltr'><strong>in</strong></span> <span class='ocrx_word' id='word_1_162' title='bbox 279 2227 435 2295; x_wconf 89' lang='lat' dir='ltr'><strong>conspectu</strong></span> <span class='ocrx_word' id='word_1_163' title='bbox 448 2218 568 2293; x_wconf 88' lang='lat' dir='ltr'><strong>nullam,</strong></span> <span class='ocrx_word' id='word_1_164' title='bbox 582 2228 640 2277; x_wconf 90' lang='lat' dir='ltr'><strong>tres</strong></span> <span class='ocrx_word' id='word_1_165' title='bbox 654 2220 749 2277; x_wconf 87' lang='lat' dir='ltr'><strong>littore</strong></span> <span class='ocrx_word' id='word_1_166' title='bbox 763 2236 864 2277; x_wconf 91' lang='lat' dir='ltr'><strong>cervos</strong></span> 
     </span>
     <span class='ocr_line' id='line_1_27' title="bbox 106 2297 872 2375; baseline 0 -19"><span class='ocrx_word' id='word_1_167' title='bbox 106 2297 251 2375; x_wconf 89' lang='lat' dir='ltr'><strong>Prospicit</strong></span> <span class='ocrx_word' id='word_1_168' title='bbox 264 2308 407 2371; x_wconf 81' lang='lat' dir='ltr'><strong>errantes3</strong></span> <span class='ocrx_word' id='word_1_169' title='bbox 428 2298 482 2355; x_wconf 92' lang='lat' dir='ltr'><strong>hos</strong></span> <span class='ocrx_word' id='word_1_170' title='bbox 495 2305 555 2355; x_wconf 86' lang='lat' dir='ltr'><strong>tota</strong></span> <span class='ocrx_word' id='word_1_171' title='bbox 568 2308 698 2356; x_wconf 88' lang='lat' dir='ltr'><strong>armenta</strong></span> <span class='ocrx_word' id='word_1_172' title='bbox 710 2306 872 2373; x_wconf 88' lang='lat' dir='ltr'><strong>sequuntur</strong></span> 
     </span>
     <span class='ocr_line' id='line_1_28' title="bbox 104 2375 848 2453; baseline -0.001 -19"><span class='ocrx_word' id='word_1_173' title='bbox 104 2379 131 2434; x_wconf 79' lang='lat' dir='ltr'>A</span> <span class='ocrx_word' id='word_1_174' title='bbox 147 2385 236 2451; x_wconf 88' lang='lat' dir='ltr'><strong>tergo,</strong></span> <span class='ocrx_word' id='word_1_175' title='bbox 251 2385 281 2435; x_wconf 92' lang='lat' dir='ltr'><strong>et</strong></span> <span class='ocrx_word' id='word_1_176' title='bbox 293 2375 413 2451; x_wconf 87' lang='lat' dir='ltr'><strong>longum</strong></span> <span class='ocrx_word' id='word_1_177' title='bbox 427 2395 480 2453; x_wconf 88' lang='lat' dir='ltr'><strong>per</strong></span> <span class='ocrx_word' id='word_1_178' title='bbox 492 2376 582 2435; x_wconf 87' lang='lat' dir='ltr'><strong>valles</strong></span> <span class='ocrx_word' id='word_1_179' title='bbox 595 2377 723 2453; x_wconf 89' lang='lat' dir='ltr'><strong>pascitur</strong></span> <span class='ocrx_word' id='word_1_180' title='bbox 734 2395 848 2452; x_wconf 87' lang='lat' dir='ltr'><strong>agmen.</strong></span> 
     </span>
     <span class='ocr_line' id='line_1_29' title="bbox 106 2454 902 2533; baseline 0.003 -20"><span class='ocrx_word' id='word_1_181' title='bbox 106 2455 242 2513; x_wconf 88' lang='lat' dir='ltr'><strong>Constitit</strong></span> <span class='ocrx_word' id='word_1_182' title='bbox 254 2454 313 2529; x_wconf 88' lang='lat' dir='ltr'><strong>hic,</strong></span> <span class='ocrx_word' id='word_1_183' title='bbox 329 2474 486 2532; x_wconf 86' lang='lat' dir='ltr'><strong>arcumque</strong></span> <span class='ocrx_word' id='word_1_184' title='bbox 500 2474 588 2513; x_wconf 87' lang='lat' dir='ltr'><strong>mauu</strong></span> <span class='ocrx_word' id='word_1_185' title='bbox 602 2455 769 2532; x_wconf 86' lang='lat' dir='ltr'><strong>celeresque</strong></span> <span class='ocrx_word' id='word_1_186' title='bbox 783 2456 902 2533; x_wconf 86' lang='lat' dir='ltr'><strong>sagittas</strong></span> 
     </span>
     <span class='ocr_line' id='line_1_30' title="bbox 106 2533 790 2617; baseline 0.003 -27"><span class='ocrx_word' id='word_1_187' title='bbox 106 2534 262 2610; x_wconf 84' lang='lat' dir='ltr'><strong>Corripuit,</strong></span> <span class='ocrx_word' id='word_1_188' title='bbox 277 2534 351 2591; x_wconf 88' lang='lat' dir='ltr'><strong>fidus</strong></span> <span class='ocrx_word' id='word_1_189' title='bbox 365 2533 503 2617; x_wconf 26' lang='lat' dir='ltr'><strong>quse-tela</strong></span> <span class='ocrx_word' id='word_1_190' title='bbox 515 2534 632 2610; x_wconf 88' lang='lat' dir='ltr'><strong>gerebat</strong></span> <span class='ocrx_word' id='word_1_191' title='bbox 645 2534 790 2608; x_wconf 86' lang='lat' dir='ltr'><strong>Achates;</strong></span> 
     </span>
     <span class='ocr_line' id='line_1_31' title="bbox 105 2610 867 2691; baseline 0.003 -21"><span class='ocrx_word' id='word_1_192' title='bbox 105 2613 308 2689; x_wconf 89' lang='lat' dir='ltr'><strong>Ductoresque</strong></span> <span class='ocrx_word' id='word_1_193' title='bbox 321 2613 400 2690; x_wconf 91' lang='lat' dir='ltr'><strong>ipsos</strong></span> <span class='ocrx_word' id='word_1_194' title='bbox 413 2610 550 2691; x_wconf 81' lang='lat' dir='ltr'><strong>primdm,</strong></span> <span class='ocrx_word' id='word_1_195' title='bbox 564 2614 661 2691; x_wconf 72' lang='lat' dir='ltr'><strong>capitq</strong></span> <span class='ocrx_word' id='word_1_196' title='bbox 673 2614 730 2673; x_wconf 89' lang='lat' dir='ltr'><strong>alta</strong></span> <span class='ocrx_word' id='word_1_197' title='bbox 742 2614 867 2674; x_wconf 83' lang='lat' dir='ltr'><strong>ferentes</strong></span> 
     </span>
     <span class='ocr_line' id='line_1_32' title="bbox 105 2691 1098 2770; baseline 0.009 -21"><span class='ocrx_word' id='word_1_198' title='bbox 105 2691 250 2751; x_wconf 92' lang='lat' dir='ltr'><strong>Cornibus</strong></span> <span class='ocrx_word' id='word_1_199' title='bbox 264 2693 401 2769; x_wconf 88' lang='lat' dir='ltr'><strong>arboreis,</strong></span> <span class='ocrx_word' id='word_1_200' title='bbox 415 2693 531 2767; x_wconf 74' lang='lat' dir='ltr'><strong>sternit,</strong></span> <span class='ocrx_word' id='word_1_201' title='bbox 553 2701 615 2752; x_wconf 92' lang='lat' dir='ltr'><strong>tum</strong></span> <span class='ocrx_word' id='word_1_202' title='bbox 628 2694 735 2770; x_wconf 90' lang='lat' dir='ltr'><strong>vulgus</strong></span> <span class='ocrx_word' id='word_1_203' title='bbox 748 2702 779 2753; x_wconf 87' lang='lat' dir='ltr'><strong>et</strong></span> <span class='ocrx_word' id='word_1_204' title='bbox 792 2710 909 2752; x_wconf 87' lang='lat' dir='ltr'><strong>omnem</strong></span> <span class='ocrx_word' id='word_1_205' title='bbox 1036 2702 1098 2757; x_wconf 76' lang='grc'><strong>190</strong></span> 
     </span>
     <span class='ocr_line' id='line_1_33' title="bbox 104 2770 878 2849; baseline -0.001 -20"><span class='ocrx_word' id='word_1_206' title='bbox 104 2770 213 2830; x_wconf 89' lang='lat' dir='ltr'><strong>Miscet</strong></span> <span class='ocrx_word' id='word_1_207' title='bbox 226 2791 313 2849; x_wconf 86' lang='lat' dir='ltr'><strong>agens</strong></span> <span class='ocrx_word' id='word_1_208' title='bbox 327 2772 393 2832; x_wconf 90' lang='lat' dir='ltr'><strong>telis</strong></span> <span class='ocrx_word' id='word_1_209' title='bbox 406 2792 525 2833; x_wconf 84' lang='lat' dir='ltr'><strong>nemora</strong></span> <span class='ocrx_word' id='word_1_210' title='bbox 538 2773 613 2831; x_wconf 91' lang='lat' dir='ltr'><strong>inter</strong></span> <span class='ocrx_word' id='word_1_211' title='bbox 624 2773 743 2831; x_wconf 91' lang='lat' dir='ltr'><strong>frondea</strong></span> <span class='ocrx_word' id='word_1_212' title='bbox 756 2771 878 2831; x_wconf 91' lang='lat' dir='ltr'><strong>turbam.</strong></span> 
     </span>
     <span class='ocr_line' id='line_1_34' title="bbox 103 2849 874 2928; baseline -0.003 -19"><span class='ocrx_word' id='word_1_213' title='bbox 103 2850 136 2909; x_wconf 91' lang='lat' dir='ltr'>N</span> <span class='ocrx_word' id='word_1_214' title='bbox 137 2869 171 2909; x_wconf 89' lang='lat' dir='ltr'><strong>ec</strong></span> <span class='ocrx_word' id='word_1_215' title='bbox 183 2849 263 2928; x_wconf 74' lang='lat' dir='ltr'><strong>prius</strong></span> <span class='ocrx_word' id='word_1_216' title='bbox 277 2850 397 2927; x_wconf 88' lang='lat' dir='ltr'><strong>absistit,</strong></span> <span class='ocrx_word' id='word_1_217' title='bbox 411 2850 499 2928; x_wconf 83' lang='lat' dir='ltr'><strong>qudm</strong></span> <span class='ocrx_word' id='word_1_218' title='bbox 514 2860 626 2928; x_wconf 89' lang='lat' dir='ltr'><strong>septem</strong></span> <span class='ocrx_word' id='word_1_219' title='bbox 639 2851 769 2927; x_wconf 86' lang='lat' dir='ltr'><strong>ingentia</strong></span> <span class='ocrx_word' id='word_1_220' title='bbox 781 2850 874 2909; x_wconf 87' lang='lat' dir='ltr'><strong>victor</strong></span> 
     </span>
     <span class='ocr_line' id='line_1_35' title="bbox 105 2926 1008 3007; baseline 0.004 -22"><span class='ocrx_word' id='word_1_221' title='bbox 105 2928 235 3005; x_wconf 84' lang='lat' dir='ltr'><strong>Corpora</strong></span> <span class='ocrx_word' id='word_1_222' title='bbox 247 2928 348 2988; x_wconf 88' lang='lat' dir='ltr'><strong>fundat</strong></span> <span class='ocrx_word' id='word_1_223' title='bbox 360 2930 452 3004; x_wconf 90' lang='lat' dir='ltr'><strong>humi,</strong></span> <span class='ocrx_word' id='word_1_224' title='bbox 467 2939 497 2988; x_wconf 91' lang='lat' dir='ltr'><strong>et</strong></span> <span class='ocrx_word' id='word_1_225' title='bbox 510 2948 665 2988; x_wconf 89' lang='lat' dir='ltr'><strong>numerum</strong></span> <span class='ocrx_word' id='word_1_226' title='bbox 680 2947 746 2987; x_wconf 89' lang='lat' dir='ltr'><strong>cum</strong></span> <span class='ocrx_word' id='word_1_227' title='bbox 760 2926 882 2986; x_wconf 86' lang='lat' dir='ltr'><strong>navibus</strong></span> <span class='ocrx_word' id='word_1_228' title='bbox 901 2937 1008 3007; x_wconf 74' lang='lat' dir='ltr'><strong>nquet.</strong></span> 
     </span>
     <span class='ocr_line' id='line_1_36' title="bbox 106 3007 864 3085; baseline 0 -21"><span class='ocrx_word' id='word_1_229' title='bbox 106 3007 185 3065; x_wconf 91' lang='lat' dir='ltr'><strong>Hinc</strong></span> <span class='ocrx_word' id='word_1_230' title='bbox 195 3016 310 3083; x_wconf 90' lang='lat' dir='ltr'><strong>portum</strong></span> <span class='ocrx_word' id='word_1_231' title='bbox 324 3008 407 3085; x_wconf 90' lang='lat' dir='ltr'><strong>petit,</strong></span> <span class='ocrx_word' id='word_1_232' title='bbox 422 3016 452 3066; x_wconf 92' lang='lat' dir='ltr'><strong>et</strong></span> <span class='ocrx_word' id='word_1_233' title='bbox 466 3009 560 3067; x_wconf 85' lang='lat' dir='ltr'><strong>socios</strong></span> <span class='ocrx_word' id='word_1_234' title='bbox 573 3007 695 3085; x_wconf 88' lang='lat' dir='ltr'><strong>partitur</strong></span> <span class='ocrx_word' id='word_1_235' title='bbox 707 3007 737 3065; x_wconf 91' lang='lat' dir='ltr'><strong>in</strong></span> <span class='ocrx_word' id='word_1_236' title='bbox 753 3025 864 3065; x_wconf 89' lang='lat' dir='ltr'><strong>omnes.</strong></span> 
     </span>
     <span class='ocr_line' id='line_1_37' title="bbox 104 3086 1097 3163; baseline 0.007 -20"><span class='ocrx_word' id='word_1_237' title='bbox 104 3086 192 3160; x_wconf 82' lang='lat' dir='ltr'><strong>Vina,</strong></span> <span class='ocrx_word' id='word_1_238' title='bbox 206 3086 300 3144; x_wconf 90' lang='lat' dir='ltr'><strong>bonus</strong></span> <span class='ocrx_word' id='word_1_239' title='bbox 315 3106 380 3163; x_wconf 75' lang='lat' dir='ltr'><strong>quae</strong></span> <span class='ocrx_word' id='word_1_240' title='bbox 397 3086 502 3145; x_wconf 89' lang='lat' dir='ltr'><strong>deinde</strong></span> <span class='ocrx_word' id='word_1_241' title='bbox 516 3087 594 3145; x_wconf 91' lang='lat' dir='ltr'><strong>cadis</strong></span> <span class='ocrx_word' id='word_1_242' title='bbox 609 3086 740 3144; x_wconf 76' lang='lat' dir='ltr'><strong>onerdrat</strong></span> <span class='ocrx_word' id='word_1_243' title='bbox 753 3088 875 3145; x_wconf 81' lang='lat' dir='ltr'><strong>Acestes</strong></span> <span class='ocrx_word' id='word_1_244' title='bbox 1034 3092 1097 3151; x_wconf 81' lang='grc'><strong>1911</strong></span> 
     </span>
     <span class='ocr_line' id='line_1_38' title="bbox 105 3163 875 3242; baseline 0.001 -20"><span class='ocrx_word' id='word_1_245' title='bbox 105 3165 214 3222; x_wconf 90' lang='lat' dir='ltr'><strong>Littorc</strong></span> <span class='ocrx_word' id='word_1_246' title='bbox 229 3163 388 3239; x_wconf 87' lang='lat' dir='ltr'><strong>Trinacrio,</strong></span> <span class='ocrx_word' id='word_1_247' title='bbox 405 3165 578 3242; x_wconf 89' lang='lat' dir='ltr'><strong>dederatque</strong></span> <span class='ocrx_word' id='word_1_248' title='bbox 593 3165 767 3224; x_wconf 88' lang='lat' dir='ltr'><strong>abeuntibus</strong></span> <span class='ocrx_word' id='word_1_249' title='bbox 780 3165 875 3241; x_wconf 91' lang='lat' dir='ltr'><strong>heros,</strong></span> 
     </span>
     <span class='ocr_line' id='line_1_39' title="bbox 105 3242 798 3321; baseline 0.003 -21"><span class='ocrx_word' id='word_1_250' title='bbox 105 3242 228 3319; x_wconf 85' lang='lat' dir='ltr'><strong>Dividit,</strong></span> <span class='ocrx_word' id='word_1_251' title='bbox 240 3252 269 3302; x_wconf 89' lang='lat' dir='ltr'><strong>et</strong></span> <span class='ocrx_word' id='word_1_252' title='bbox 283 3243 367 3303; x_wconf 90' lang='lat' dir='ltr'><strong>dictis</strong></span> <span class='ocrx_word' id='word_1_253' title='bbox 378 3244 528 3303; x_wconf 87' lang='lat' dir='ltr'><strong>moerentia</strong></span> <span class='ocrx_word' id='word_1_254' title='bbox 540 3252 657 3321; x_wconf 89' lang='lat' dir='ltr'><strong>pectora</strong></span> <span class='ocrx_word' id='word_1_255' title='bbox 670 3244 798 3304; x_wconf 90' lang='lat' dir='ltr'><strong>mulcet:</strong></span> 
     </span>
     <span class='ocr_line' id='line_1_40' title="bbox 106 3320 921 3403; baseline 0.002 -23"><span class='ocrx_word' id='word_1_256' title='bbox 106 3322 218 3381; x_wconf 90' lang='lat' dir='ltr'><strong>Osocii</strong></span> <span class='ocrx_word' id='word_1_257' title='bbox 236 3321 438 3401; x_wconf 88' lang='lat' dir='ltr'><strong>(nequeenim</strong></span> <span class='ocrx_word' id='word_1_258' title='bbox 453 3323 545 3399; x_wconf 85' lang='lat' dir='ltr'><strong>ignari</strong></span> <span class='ocrx_word' id='word_1_259' title='bbox 556 3343 655 3381; x_wconf 90' lang='lat' dir='ltr'><strong>sumus</strong></span> <span class='ocrx_word' id='word_1_260' title='bbox 670 3320 735 3381; x_wconf 71' lang='lat' dir='ltr'><strong>ante</strong></span> <span class='ocrx_word' id='word_1_261' title='bbox 751 3322 921 3403; x_wconf 88' lang='lat' dir='ltr'><strong>malorum),</strong></span> 
     </span>
     <span class='ocr_line' id='line_1_41' title="bbox 106 3401 857 3479; baseline 0.003 -20"><span class='ocrx_word' id='word_1_262' title='bbox 106 3401 132 3459; x_wconf 96' lang='lat'>0</span> <span class='ocrx_word' id='word_1_263' title='bbox 145 3401 223 3479; x_wconf 82' lang='lat' dir='ltr'><strong>passi</strong></span> <span class='ocrx_word' id='word_1_264' title='bbox 237 3403 376 3479; x_wconf 85' lang='lat' dir='ltr'><strong>graviora,</strong></span> <span class='ocrx_word' id='word_1_265' title='bbox 391 3401 471 3461; x_wconf 89' lang='lat' dir='ltr'><strong>dabit</strong></span> <span class='ocrx_word' id='word_1_266' title='bbox 484 3403 555 3461; x_wconf 91' lang='lat' dir='ltr'><strong>deus</strong></span> <span class='ocrx_word' id='word_1_267' title='bbox 569 3402 615 3460; x_wconf 91' lang='lat' dir='ltr'><strong>his</strong></span> <span class='ocrx_word' id='word_1_268' title='bbox 629 3422 744 3479; x_wconf 92' lang='lat' dir='ltr'><strong>quoque</strong></span> <span class='ocrx_word' id='word_1_269' title='bbox 757 3404 857 3462; x_wconf 90' lang='lat' dir='ltr'><strong>finem.</strong></span> 
     </span>
     <span class='ocr_line' id='line_1_42' title="bbox 105 3478 1098 3559; baseline 0.006 -23"><span class='ocrx_word' id='word_1_270' title='bbox 105 3480 168 3538; x_wconf 88' lang='lat' dir='ltr'><strong>Vos</strong></span> <span class='ocrx_word' id='word_1_271' title='bbox 182 3488 212 3539; x_wconf 87' lang='lat' dir='ltr'><strong>et</strong></span> <span class='ocrx_word' id='word_1_272' title='bbox 226 3482 379 3559; x_wconf 81' lang='lat' dir='ltr'><strong>Scyllaeam</strong></span> <span class='ocrx_word' id='word_1_273' title='bbox 392 3480 501 3539; x_wconf 89' lang='lat' dir='ltr'><strong>rabiem</strong></span> <span class='ocrx_word' id='word_1_274' title='bbox 514 3478 688 3559; x_wconf 75' lang='lat' dir='ltr'><strong>penitusque</strong></span> <span class='ocrx_word' id='word_1_275' title='bbox 702 3491 837 3543; x_wconf 86' lang='lat' dir='ltr'><strong>sonantes</strong></span> <span class='ocrx_word' id='word_1_276' title='bbox 1031 3490 1098 3549; x_wconf 66' lang='lat'><strong>200</strong></span> 
     </span>
     <span class='ocr_line' id='line_1_43' title="bbox 105 3557 741 3638; baseline 0.005 -22"><span class='ocrx_word' id='word_1_277' title='bbox 105 3557 237 3619; x_wconf 73' lang='lat' dir='ltr'><strong>Accdstis</strong></span> <span class='ocrx_word' id='word_1_278' title='bbox 252 3560 394 3638; x_wconf 91' lang='lat' dir='ltr'><strong>scopulos,</strong></span> <span class='ocrx_word' id='word_1_279' title='bbox 409 3580 462 3619; x_wconf 86' lang='lat' dir='ltr'><strong>vos</strong></span> <span class='ocrx_word' id='word_1_280' title='bbox 476 3569 505 3619; x_wconf 89' lang='lat' dir='ltr'><strong>et</strong></span> <span class='ocrx_word' id='word_1_281' title='bbox 518 3560 658 3637; x_wconf 84' lang='lat' dir='ltr'><strong>Cyclopia</strong></span> <span class='ocrx_word' id='word_1_282' title='bbox 671 3580 741 3619; x_wconf 84' lang='lat' dir='ltr'><strong>saxa</strong></span> 
     </span>
     <span class='ocr_line' id='line_1_44' title="bbox 106 3638 890 3718; baseline 0.006 -23"><span class='ocrx_word' id='word_1_283' title='bbox 106 3638 248 3715; x_wconf 81' lang='lat' dir='ltr'><strong>Experti:</strong></span> <span class='ocrx_word' id='word_1_284' title='bbox 270 3649 402 3700; x_wconf 89' lang='lat' dir='ltr'><strong>revocate</strong></span> <span class='ocrx_word' id='word_1_285' title='bbox 417 3640 537 3714; x_wconf 90' lang='lat' dir='ltr'><strong>animos,</strong></span> <span class='ocrx_word' id='word_1_286' title='bbox 552 3648 743 3718; x_wconf 80' lang='lat' dir='ltr'><strong>moestumque</strong></span> <span class='ocrx_word' id='word_1_287' title='bbox 757 3641 890 3700; x_wconf 84' lang='lat' dir='ltr'><strong>timorem</strong></span> 
     </span>
     <span class='ocr_line' id='line_1_45' title="bbox 107 3716 1093 3800; baseline 0.006 -26"><span class='ocrx_word' id='word_1_288' title='bbox 107 3716 235 3793; x_wconf 86' lang='lat' dir='ltr'><strong>Mittite;</strong></span> <span class='ocrx_word' id='word_1_289' title='bbox 256 3718 352 3777; x_wconf 88' lang='lat' dir='ltr'><strong>forsan</strong></span> <span class='ocrx_word' id='word_1_290' title='bbox 366 3727 396 3777; x_wconf 91' lang='lat' dir='ltr'><strong>et</strong></span> <span class='ocrx_word' id='word_1_291' title='bbox 408 3719 472 3779; x_wconf 86' lang='lat' dir='ltr'><strong>haec</strong></span> <span class='ocrx_word' id='word_1_292' title='bbox 487 3719 555 3777; x_wconf 90' lang='lat' dir='ltr'><strong>olim</strong></span> <span class='ocrx_word' id='word_1_293' title='bbox 570 3719 736 3779; x_wconf 89' lang='lat' dir='ltr'><strong>meminisse</strong></span> <span class='ocrx_word' id='word_1_294' title='bbox 745 3719 867 3800; x_wconf 81' lang='lat' dir='ltr'><strong>juvabit</strong></span> <span class='ocrx_word' id='word_1_295' title='bbox 1073 3754 1093 3795; x_wconf 53' lang='grc' dir='ltr'><em>μ</em></span> 
     </span>
    </p>
   </div>
   <div class='ocr_carea' id='block_1_3' title="bbox 0 0 1204 4178">
    <p class='ocr_par' dir='ltr' id='par_1_4' title="bbox 0 0 1204 4178">
     <span class='ocr_line' id='line_1_46' title="bbox 0 0 1204 4178; baseline 0 0"><span class='ocrx_word' id='word_1_296' title='bbox 0 0 1204 4178; x_wconf 95' lang='lat' dir='ltr'><strong> </strong></span> 
     </span>
    </p>
   </div>
  </div>
 </body>
</html>
