2400 4178
393 178 399 185 ’
448 180 450 185 ’
554 208 669 264 urens
687 210 710 264 1.

143 357 240 416 Urunt
253 355 374 416 Lethaeo
386 355 504 433 perfusa
516 375 661 434 papavera
673 377 784 417 somno.

145 435 204 493 Sed
218 445 313 493 tamen
328 435 444 493 alternis
458 434 550 493 l'aeilis
564 435 663 509 labor;
685 436 765 494 arida
777 432 890 505 tanturn
969 436 973 439 ’

91 562 94 574 ,
121 513 129 529 ‘
143 513 192 572 Ne
207 520 333 575 saturare
346 513 415 571 fimo
428 512 530 590 pingui
541 514 652 589 pudeat
665 515 735 591 sola,
749 534 825 575 neve
1084 521 1127 580 80

143 591 267 650 Effoetos
281 592 408 663 cinerem
421 592 602 650 immundum
613 595 723 670 jactare
736 613 789 670 per
803 614 894 670 agros.

145 670 194 728 Sic
209 689 323 748 quoque
336 670 451 728 mutatis
465 670 650 748 requiescunt
660 672 777 730 foetibus
791 692 877 748 arva3

95 784 97 787 -
143 749 175 807 N
176 767 210 806 ec
224 750 304 806 nulla
316 749 426 807 interea
440 758 484 808 est
493 749 609 808 inaratae
624 750 713 825 gratia
727 758 819 810 terrae.

185 825 269 906 Saepe
285 827 372 885 etiam
387 827 497 886 steriles
511 828 668 886 incendere
680 830 788 905 profuit
801 848 892 906 agros,

143 906 240 982 Atque
254 907 349 964 levem
364 907 499 982 stipulam
513 907 718 984 crepitantibus
732 927 815 967 urere
828 907 973 969 flammis:

145 984 214 1042 Sive
228 986 297 1043 inde
311 985 436 1042 occultas
449 986 526 1044 vires
537 993 566 1044 et
578 985 685 1062 pabula
698 993 780 1049 terrae
1008 983 1013 999 ⁸
1096 1052 1098 1056 Α

143 1063 268 1139 Pinguia
280 1064 465 1140 concipiunt3
487 1063 549 1122 sive
562 1064 619 1122 illis
634 1083 720 1123 omne
732 1084 786 1142 per
798 1065 898 1141 ignem
992 1100 999 1104 -

144 1141 327 1218 Excoquitur
340 1142 453 1216 vitium,
468 1150 553 1218 atque
567 1144 691 1201 exsudat
703 1143 813 1208 inutilis
827 1144 947 1218 humor;

146 1219 205 1285 Seu
218 1221 316 1297 plures
330 1220 408 1277 color
420 1219 470 1277 ille
483 1222 545 1277 vias
560 1228 589 1277 et
602 1239 683 1278 caeca
695 1222 805 1281 relaxat

146 1298 335 1375 spiramenta,
350 1317 439 1356 novas
453 1299 621 1376 veniatque
635 1317 739 1358 succus
753 1302 783 1358 in
797 1301 919 1375 herbas;

145 1378 205 1436 Seu
219 1378 301 1435 durat
315 1372 415 1452 magis,
431 1385 460 1434 et
473 1395 562 1435 venas
577 1377 707 1451 astringit
720 1378 843 1454 hiantes,

143 1456 194 1515 Ne
208 1464 310 1515 tenues
324 1456 440 1532 pluviae,
456 1455 584 1531 rapidive
597 1457 727 1532 potentia
740 1458 808 1517 solis

143 1535 256 1609 Acrior,
272 1541 320 1592 aut
333 1534 435 1591 Boreae
449 1534 628 1610 penetrabile
642 1534 730 1610 frigus
745 1537 853 1593 adurat.

184 1611 312 1671 Multum
327 1609 399 1671 adeb'
413 1613 509 1676 rastris
523 1614 621 1689 glebas
633 1613 682 1690 qui
696 1614 800 1691 frangit
812 1615 929 1690 inertes,
990 1651 996 1656 -

143 1691 353 1768 Vimineasque
366 1690 454 1748 trahit
467 1699 568 1767 crates,
576 1694 661 1770 juvat
674 1711 756 1766 arra3
779 1713 874 1770 neque
888 1694 970 1751 illum

144 1769 238 1828 Flava
252 1771 341 1827 Ceres
356 1769 412 1826 alto
426 1770 620 1847 nequidquam
634 1779 746 1846 spectat
759 1771 904 1849 Olympo;

144 1848 185 1905 Et
198 1849 247 1925 qui
260 1847 482 1925 proscissoquae
497 1849 616 1907 suscitat
630 1867 744 1925 aequore
758 1857 837 1924 terga
882 1891 897 1911 ,η

143 1927 255 1985 Rursus
269 1928 299 1984 in
313 1926 461 2003 obliquum
475 1945 558 1985 verso
573 1927 732 2004 perrumpit
751 1936 852 2003 aratro,

143 2006 332 2083 Exercetque,
345 2006 479 2082 frequens
493 2007 635 2082 tellurem,
651 2014 736 2083 atque
750 2007 872 2083 imperat
885 2006 970 2066 arvis.
1067 2022 1075 2033 ·

167 2085 314 2143 Humida
326 2084 449 2142 solstitia
463 2092 548 2161 atque
562 2084 674 2144 hiemes
689 2094 766 2143 orate
781 2104 907 2161 serenas,
1071 2091 1127 2145 100

142 2165 288 2240 Agricolae
300 2183 308 2237 ;
329 2163 452 2221 hiberno
465 2164 613 2222 laetissima
625 2165 746 2241 pulvere
760 2165 842 2240 sarra,

143 2244 242 2302 Laetus
257 2262 339 2318 ager:
361 2243 442 2300 nullo
455 2240 567 2301 tanthm
581 2262 613 2302 se
627 2242 819 2319 Mysiacultu

142 2322 246 2397 Jactat,
261 2322 367 2398 etipsa
380 2341 446 2380 runs
460 2322 599 2380 mirantur
613 2322 739 2398 Gargara
752 2341 871 2380 messes.

184 2401 263 2472 Quid
277 2401 381 2478 dicam,
388 2403 467 2478 jacto
477 2401 527 2477 qui
541 2401 651 2459 semine
666 2401 829 2459 comminus
843 2418 912 2458 arva

145 2478 516 2556 Insequiturpcumulosque
530 2479 587 2537 ruit
600 2477 675 2550 male
689 2479 806 2555 pinguis
821 2497 933 2552 arenae3
1071 2482 1127 2538 105
1163 2510 1170 2518 ·

144 2556 261 2616 Deinde
275 2557 342 2614 satis
356 2555 475 2615 fluvium
489 2557 600 2615 inducit
612 2556 746 2633 rivosque
760 2564 931 2634 sequentes3
1042 2569 1045 2574 '

143 2635 194 2710 Et,
209 2653 298 2712 quum
311 2640 437 2691 exustus
444 2652 512 2708 ager
525 2635 713 2693 morientibus
724 2644 826 2694 aestuet
838 2634 947 2710 herbis,

107 2768 111 2774 .
144 2713 226 2772 Ecce
241 2712 395 2806 supercilio
410 2710 512 2770 clivosi
525 2711 647 2770 tramitis
659 2713 767 2769 undam
938 2771 947 2785 ,

145 2792 256 2851 Elicit?
277 2790 328 2849 rlla
341 2791 449 2849 cadens
463 2807 582 2848 raucum
595 2808 648 2866 per
661 2789 738 2848 levia
751 2809 882 2848 murmur·
937 2844 940 2853 ,

146 2872 223 2948 Saxa
236 2871 303 2946 ciet,
318 2869 514 2946 scatebrisque
528 2869 637 2927 arentia
651 2876 793 2945 temperat
806 2887 882 2927 arra.
1073 2871 1129 2928 110

100 2951 104 2957 ’
145 2950 234 3025 Quid,
249 2950 308 3028 qui,
323 2948 499 3025 ne'gravidis
508 2947 680 3025 procumbat
690 2947 806 3006 culmus
820 2947 924 3024 aristis,

106 3074 111 3080 ³
144 3030 303 3088 Luxuriem
316 3036 447 3110 segetum
460 3026 561 3092 teneri
575 3027 706 3104 depascit
718 3027 748 3084 in
762 3025 864 3102 berbi,

145 3109 244 3181 Quum
257 3104 382 3185 primum
393 3106 492 3166 sulcos
506 3113 622 3182 aequent
635 3107 718 3176 sato?
739 3105 846 3184 quique
858 3103 981 3183 paludis

145 3187 308 3246 collectum
322 3186 474 3245 humorem
487 3184 587 3244 bibula
601 3185 720 3254 deducit
733 3185 830 3260 areni,

144 3266 308 3324 Praesertim
322 3264 439 3322 incertis
453 3264 478 3321 si
491 3261 639 3324 mensibus
653 3263 746 3323 amnis
762 3262 912 3322 abundans
1073 3265 1129 3320 115

72 3365 74 3370 ·
145 3345 227 3420 Exit,
242 3351 271 3402 et
284 3339 481 3420 obductolpte
495 3349 576 3405 tenet
589 3340 687 3399 omnia
698 3341 779 3417 limo,

145 3423 233 3483 Unde
248 3440 328 3481 cavae
342 3422 441 3500 tepido
455 3421 559 3480 sudant
571 3418 693 3482 humore
706 3418 844 3479 lacunas?
947 3443 951 3450 ·

184 3500 217 3559 N
217 3520 252 3559 ec
266 3509 373 3576 tamen,
387 3499 452 3559 haee
466 3518 555 3578 quum
569 3498 627 3558 sint
639 3497 848 3576 hominumque
860 3494 1007 3574 boumque
1016 3492 1130 3555 labores

145 3579 298 3638 Versando
311 3587 416 3638 terrum
429 3577 551 3656 experti,
565 3576 639 3636 nihil
652 3576 802 3653 improbus
816 3593 909 3651 anser,

148 3657 379 3735 Strymoniaeque
392 3676 487 3733 grues,
498 3664 529 3716 et
541 3657 644 3715 amaris
657 3654 758 3714 intuba
770 3654 859 3728 tibris,
1073 3657 1131 3721 luo

146 3736 295 3811 officiunt,
309 3744 358 3796 aut
370 3735 472 3796 umbra
481 3743 575 3806 nocet
615 3734 703 3794 Peter
715 3733 778 3806 ipse
788 3731 905 3793 colendi
