2400 4178
139 198 196 259 Uli
538 200 721 257 AENEIDOS

141 350 189 411 Ad
197 354 271 445 juga
283 350 361 429 cogit
372 370 472 429 66666,
485 348 677 429 clypeumque
690 368 816 429 auroque
828 348 953 413 trilicem
1039 392 1043 397 -
1118 350 1124 355 ’

143 432 275 491 Loricam
288 432 424 505 induitur,
438 430 554 505 fidoque
567 428 727 507 accingitur
738 448 818 489 ense.
1061 436 1125 497 uo

181 510 304 571 Pandite
316 528 392 569 nunc
407 508 561 585 Helicona,
574 508 658 581 Dec,
672 516 829 587 cantuque
843 518 978 585 movete3
1120 538 1123 543 ·

143 588 204 663 Qut
215 588 292 649 bello
306 588 392 647 exciti
406 606 506 663 reges3
526 606 591 667 quas
605 606 692 665 quem
712 596 867 649 uesecutoe
1076 618 1108 649 .-

142 668 321 745 Compldrint
334 688 396 726 carn
463 666 558 740 acies;
579 666 682 745 quibus
693 606 768 726 11616
776 670 838 761 jam
850 676 913 727 tum
1003 672 1009 681 “
1061 672 1064 679 ’
1108 740 1112 745 ¹

142 748 284 806 Floruerit
297 756 372 805 terra
413 764 459 803 ma
471 745 560 819 tiris3
581 745 685 823 quibus
699 756 798 805 arserit
811 747 905 805 armis.

141 826 184 885 Et
195 826 365 885 meministis
378 826 465 899 enim,
479 825 575 900 Divae,
587 834 617 883 et
630 844 788 885 memorare
800 826 937 905 potestis:
1059 832 1125 887 645

141 905 188 963 Ad
201 923 254 961 nos
267 906 317 963 vix
330 905 425 963 tenuis
439 904 523 961 samse
536 903 691 982 perlabitur
704 924 779 963 aura

180 983 294 1041 Primus
308 982 361 1043 init
373 982 481 1041 bellurn
496 983 654 1060 Tyrrhenis
668 1003 750 1061 asper
763 983 799 1041 ab
811 983 869 1043 orio

142 1062 329 1140 Contemptus
343 1062 441 1120 dirrim
455 1062 629 1138 Mezentius,
644 1063 813 1141 agminaque
827 1070 924 1121 armat.
991 1076 995 1083 '

142 1140 235 1199 Filius
248 1140 316 1200 huic
325 1139 410 1220 juxtrl
424 1142 546 1216 Lausus,
560 1161 617 1218 quo
631 1140 776 1218 pulchrior
789 1144 859 1201 alter
1144 1210 1147 1215 Ι

142 1219 210 1277 Non
225 1219 286 1296 suit,
301 1229 423 1298 excepto
437 1221 587 1278 Laurentis
600 1238 718 1297 corpore
730 1220 832 1279 'lbrrni
1062 1226 1126 1281 666

143 1300 264 1374 Lausus,
279 1300 384 1375 equum
400 1300 530 1374 domitor,
545 1299 758 1375 debellatorque
771 1299 904 1375 serarum,

142 1379 231 1437 Ducit
244 1379 380 1455 Agyllirri
394 1379 586 1455 nequidquam
601 1397 638 1436 ex
652 1377 722 1436 urbe
736 1387 850 1437 secutos

142 1457 226 1515 Mille
239 1458 315 1515 viros
326 1478 333 1530 3
356 1457 458 1532 dignus
471 1458 569 1535 patriis
582 1456 631 1533 qui
644 1457 736 1515 laetior
748 1466 824 1515 esset

143 1536 283 1612 Imperiis,
298 1546 327 1595 et
340 1536 387 1593 cui
399 1544 480 1612 pater
492 1536 570 1593 haud
584 1535 747 1594 Mezentius
761 1544 844 1594 esset.

181 1615 251 1673 Post
264 1615 317 1672 hos
331 1613 473 1689 insignem
487 1614 584 1691 palmia
596 1633 648 1692 per
661 1614 789 1691 gramina
801 1634 914 1673 currum
1064 1622 1128 1677 655

142 1692 332 1770 Victoresque
346 1701 468 1752 ostentat
481 1712 570 1769 equos
583 1702 661 1752 satus
675 1694 804 1752 Hercule
817 1694 938 1772 pulchro

142 1772 268 1831 Pulcher
280 1773 461 1847 Aventinus3
481 1773 653 1850 clypeoque,
667 1774 779 1851 insigne
792 1782 953 1851 paternum,

35 1882 43 1907 r
143 1852 268 1910 Centum
282 1871 399 1929 angues,
414 1852 593 1930 cinctamque
607 1854 680 1929 gerit
692 1852 871 1931 serpentibus
884 1852 1028 1930 hydram:

143 1931 233 1990 Collis
247 1933 384 1990 Aventini
399 1931 471 1989 silvi
485 1950 570 2008 quern
584 1932 670 1991 Rhea
683 1932 815 1991 sacerdos

142 2009 292 2069 Furtivum
306 2020 388 2088 partu
403 2011 455 2069 sub
469 2011 584 2069 luminis
598 2011 688 2069 edidit
701 2030 773 2087 oras,
1065 2016 1129 2071 660

142 2089 238 2163 Mixto
250 2091 305 2148 deo
319 2090 431 2165 mulier,
445 2098 596 2167 postquam
609 2090 764 2148 Laurentia
776 2089 877 2165 victor,

143 2168 277 2245 Geryone
292 2169 442 2242 exstincto,
454 2168 621 2244 Tirynthius
636 2168 727 2244 attigit
740 2187 816 2243 arva,
910 2180 913 2187 ’

129 2246 351 2325 ·Tyrrhenoque
364 2246 453 2304 boves
467 2245 629 2304 influmine
643 2247 712 2304 lavit
727 2247 833 2304 Iberus.

141 2324 206 2383 Pila
219 2345 306 2384 manu
319 2344 469 2402 saevosque
483 2334 585 2401 gerunt
598 2325 627 2382 in
642 2325 718 2382 bella
731 2325 849 2384 dolones
860 2344 868 2398 ;

143 2403 183 2462 Et
197 2405 278 2462 tereti
292 2412 420 2484 pugnant
433 2423 580 2479 mucrone,
595 2423 722 2481 veruque
738 2404 863 2463 Sabello.
1064 2410 1129 2467 666

144 2482 157 2540 1
179 2501 210 2540 se
223 2484 323 2560 pedes,
338 2492 475 2560 tegumen
489 2493 624 2560 torquens
638 2484 763 2542 immane
774 2482 875 2559 leonis,

172 2562 277 2620 erribili
290 2563 437 2641 impexum
452 2564 522 2639 6611,
537 2582 602 2621 cum
616 2562 750 2622 dentibus
763 2562 845 2638 albis,

144 2640 264 2700 lndutus
278 2643 381 2720 capiti:
405 2643 445 2701 sic
460 2643 538 2718 regia
550 2650 626 2702 16616
639 2642 752 2701 subibat

144 2720 295 2798 Horridus,
312 2722 515 2799 Herculeoque
529 2722 664 2780 humeros
677 2722 801 2779 innexus
815 2719 928 2778 amictu.

183 2799 259 2858 Turn
273 2801 381 2876 gemini
394 2801 493 2860 fratres
506 2800 638 2859 Tiburtia
651 2801 757 2858 moenia
769 2800 912 2876 linquunt,
1027 2830 1031 2837 ·
1065 2804 1130 2860 671)

144 2878 251 2937 Fratris
265 2879 379 2938 Tiburti
394 2880 498 2938 dictam
512 2879 683 2956 cognomine
696 2886 821 2954 gentem,

144 2957 323 3033 Catillusque
338 2976 459 3033 acerque
473 2957 573 3029 Coras,
587 2958 695 3031 Argiva
706 2959 862 3034 juventus3

144 3035 185 3093 Et
197 3035 321 3111 primam
336 3044 401 3093 ante
415 3036 508 3093 aciem
521 3036 610 3093 densa
624 3037 697 3093 inter
709 3036 767 3094 tela
780 3036 926 3095 seruntur:

145 3113 209 3171 Ceu
223 3113 279 3171 duo
293 3114 445 3189 nubigenae
460 3133 547 3189 quum
560 3114 666 3172 vertice
680 3116 784 3174 montis
798 3114 833 3173 ab
847 3115 905 3174 alto

145 3193 335 3251 Descendunt
345 3192 495 3266 Centauri,
509 3192 656 3250 Homolen
671 3193 849 3270 Othrquue
862 3190 990 3269 nivalem
1067 3198 1135 3267 otu,

146 3270 325 3350 Linquentes
338 3289 423 3329 cursu
437 3271 535 3348 rapido
548 3291 554 3328 :
575 3272 624 3330 dat
637 3271 771 3330 euntibus
784 3273 886 3351 ingens

147 3350 225 3409 Silva
238 3351 343 3427 locum,
357 3359 386 3408 et
399 3369 502 3426 magno
517 3350 623 3408 cedunt
635 3350 758 3426 virgulta
770 3351 889 3429 fragore.

185 3431 215 3489 N
217 3449 251 3489 ec
266 3430 452 3489 Praenestinae
466 3428 598 3487 fundator
610 3430 701 3488 defuit
713 3429 800 3506 urbis,

145 3506 279 3567 Vulcano
293 3510 421 3586 genitum
434 3527 538 3586 pecora
550 3509 625 3566 inter
638 3509 758 3585 agrestia
770 3529 878 3588 regem,

147 3587 358 3666 inventumque
371 3588 454 3663 locis,
469 3588 562 3645 omnis
576 3606 663 3665 quern
678 3588 799 3647 credidit
812 3597 891 3664 66166,
1070 3590 1133 3653 680

34 3693 36 3697 ’
147 3666 293 3726 Ceculus.
335 3668 424 3726 Hunc
437 3666 513 3743 legio
526 3664 582 3739 1616
597 3669 748 3727 comitatur
761 3667 897 3745 agrestis3
