2400 4178
502 221 618 279 traua
635 221 700 279 Vll.
1035 224 1090 290 w

116 373 142 434 0
157 372 272 434 miseri!
293 380 333 450 ta,
347 371 456 450 Turne,
470 372 561 451 nefas,
575 381 604 434 tc
617 373 697 434 triste
710 375 838 437 manebit

116 453 314 531 Supplicium
334 452 466 531 votisque
480 454 549 511 deos
562 453 736 513 venerabere
750 456 829 515 seria
895 483 897 488 ·
990 463 992 468 “

114 533 192 604 Nam
205 532 277 590 mihi
288 539 370 610 parta
381 531 473 610 quies,
491 518 657 610 [omnisque
670 533 701 591 in
714 532 813 594 limine
826 542 924 614 portus
934 535 960 615 ς]
1030 568 1078 581 ·--

114 611 230 670 Funere
243 611 320 670 felici
333 611 447 688 spolior.
488 611 555 670 Nec
567 612 651 690 plura
663 611 786 691 locums,
1066 620 1068 625 ’

115 690 211 768 Scpsit
224 709 255 749 se
269 690 362 766 tectis,
375 693 529 768 rerumque
542 691 658 769 reliquit
668 691 807 752 habenas.
1031 701 1088 756 600

154 770 221 828 Mos
235 777 295 828 erat
308 769 451 847 Hesperio
464 769 495 827 in
509 771 601 846 Latio,
616 790 704 848 quem
717 781 854 850 protenus
867 773 953 834 urbes

113 849 234 907 Albanae
249 846 365 907 coluere
378 867 500 925 sacrum,
514 867 593 907 nunc
607 851 732 908 maxima
746 871 840 912 rerum
885 865 888 872 '

113 928 208 986 Roma
221 928 299 1003 colit,
314 947 401 1004 quum
415 927 508 1005 prima
521 936 639 986 movent
650 931 680 986 in
693 930 793 1006 proelia
806 933 941 1009 Martem,

115 1007 183 1065 Sive
197 1007 279 1066 Getis
293 1007 397 1065 inferre
411 1024 499 1063 manu
512 1005 696 1082 lacrymabile
708 1007 827 1086 bellurn,

113 1087 302 1162 Hyrcanisve,
316 1085 456 1143 Arabisve
469 1092 579 1161 parant,
594 1104 645 1143 seu
658 1087 776 1144 tendere
790 1090 826 1147 ad
841 1090 938 1167 ludos,

112 1166 309 1242 Auroramque
323 1163 415 1241 sequi,
429 1163 608 1239 Parthosque
622 1177 771 1242 reposcere
785 1167 874 1244 signa
899 1184 905 1196 ¹

49 1262 54 1272 ³
114 1243 187 1301 Sunt
199 1244 322 1319 geminae
336 1241 406 1300 belli
418 1249 518 1318 porta,
532 1243 573 1301 sic
586 1243 703 1302 nomine
717 1245 827 1322 dicunt,

112 1322 276 1398 Relligione
290 1341 387 1398 sacrae,
403 1329 432 1380 et
445 1322 514 1379 saevi
527 1321 678 1380 tormidine
692 1324 814 1390 Martis:

112 1403 237 1460 Centum
252 1402 319 1459 aerei
332 1401 469 1460 claudunt
481 1409 589 1477 vectes,
604 1410 768 1480 aeternoque
782 1403 847 1462 seni

111 1481 247 1555 Robora;
269 1500 323 1539 nec
337 1490 432 1540 custos
447 1480 557 1539 absistit
569 1480 668 1539 limine
681 1481 780 1540 Janus.

111 1559 183 1635 Has,
197 1561 247 1618 ubi
261 1568 337 1618 certa
350 1562 431 1619 sedet
443 1560 569 1638 patribus
583 1561 725 1619 sententia
736 1581 851 1640 pugna,

112 1639 189 1716 Ipse,
205 1639 347 1710 Quirinali
360 1639 458 1699 trahet
472 1639 624 1716 cinctuque
639 1640 751 1698 Gabino

112 1718 246 1794 Insignis,
261 1727 367 1777 reserat
380 1718 529 1776 stridentia
540 1719 641 1778 limina
654 1721 753 1777 consul
765 1741 773 1795 3

112 1797 178 1873 Ipse
192 1806 275 1856 vocat
287 1816 416 1874 pugnas:
438 1796 569 1872 sequitur
580 1805 641 1855 tum
654 1807 758 1856 cetera
770 1799 871 1877 pubes,

111 1876 257 1952 AE‘reaque
271 1860 389 1934 amensa
404 1875 567 1952 conspirant
579 1895 686 1935 cornua
699 1897 793 1935 rauco.

112 1955 178 2015 Hoc
192 1964 221 2014 et
233 1963 294 2014 tum
307 1955 449 2013 AEneadis
463 1954 591 2015 indicere
604 1955 681 2013 bella
695 1957 814 2015 Latinus

110 2022 195 2105 Mtire
205 2034 368 2114 jubebatur,
382 2034 533 2109 tristesque
547 2034 695 2093 recludere
707 2044 811 2113 portas.

110 2114 257 2172 Abstinuit
270 2121 347 2173 tactu
361 2121 451 2191 pater,
466 2126 639 2190 aversusque
652 2114 756 2191 refugit

110 2194 201 2252 Foeda
214 2192 380 2277 ministeria,
395 2201 425 2251 et
438 2192 523 2251 cecis
537 2210 569 2250 sc
582 2193 710 2252 condidit
723 2194 839 2252 umbris.
856 2242 857 2252 ,

111 2272 188 2329 Tum
202 2273 301 2349 regina
314 2271 410 2349 dcirm,
425 2272 499 2330 coelo
513 2271 639 2349 delapsa,
654 2280 797 2331 morantes
914 2301 915 2305 ¹

111 2351 155 2408 lm
175 2352 229 2410 ulit
242 2353 305 2430 ipsa
318 2369 405 2408 manu
418 2358 523 2427 portas,
538 2358 568 2408 et
581 2352 696 2410 cardine
710 2371 792 2410 verso

111 2371 187 2487 Belli
201 2430 317 2488 ferratos
331 2430 407 2507 rupit
421 2429 554 2487 Saturnia
566 2438 671 2507 postes.

110 2508 201 2566 Ardet
214 2508 340 2565 inexcita
352 2509 484 2565 Ausonia
497 2515 582 2585 atque
595 2508 750 2566 immobilis
764 2506 830 2567 antd
843 2529 850 2566 ε

110 2586 180 2644 Pars
193 2587 283 2664 pedes
296 2586 337 2642 ire
350 2593 431 2662 parat
443 2587 552 2663 campis
563 2606 578 2658 3·
592 2603 657 2663 pars
671 2588 775 2646 arduus
789 2587 853 2646 altis

110 2664 332 2722 Pulverulentus
346 2664 428 2741 equis
441 2664 527 2721 furit:
550 2684 650 2722 omnes
664 2684 742 2724 arma
756 2667 902 2744 requirunt
914 2673 937 2726 :'·

109 2744 180 2802 Pars
194 2744 273 2802 leves
287 2743 405 2820 clypeos
419 2750 448 2801 et
460 2742 572 2819 spicula
584 2743 680 2801 lucida
692 2752 806 2820 tergunt

109 2824 218 2882 Arvind
232 2823 342 2900 pingui,
357 2820 551 2899 subiguntque
564 2823 594 2881 in
608 2831 672 2900 cote
686 2841 819 2897 secures;

109 2905 256 2980 Signaque
269 2901 342 2959 ferre
353 2902 444 2980 juvat,
459 2901 627 2979 sonitusque
641 2902 739 2962 audire
753 2903 893 2962 tubarum.

110 2983 245 3059 Quinque
260 2978 332 3040 aded
347 2999 459 3057 magna
472 2981 738 3058 positis'incudibus
753 2981 838 3041 urbes

107 3061 183 3120 Tela
196 3069 303 3121 novant
316 3080 324 3134 ;
345 3059 435 3119 Atina
446 3069 559 3138 potens,
574 3060 722 3138 Tiburque
736 3062 900 3140 superbum,

109 3141 215 3216 Ardea,
230 3139 477 3216 Crustumerique,
492 3148 521 3199 et
534 3140 679 3216 turrigerae
694 3142 857 3199 Antemnae.

108 3217 253 3295 Tegmina
264 3228 325 3278 tuta
337 3227 441 3277 cavant
454 3220 589 3297 capitum,
602 3218 780 3298 flectuntque
793 3221 917 3297 salignas

110 3290 279 3357 Umbon'um
292 3304 402 3370 crates3
424 3297 472 3357 alii
485 3299 616 3358 thoracas
630 3297 748 3375 ahenos,

110 3377 169 3434 Aut
181 3375 261 3434 leves
275 3373 372 3434 octeni
385 3375 464 3443 lento
477 3377 586 3438 ducunt
594 3386 724 3454 argento.

110 3455 244 3513 Vomeris
257 3454 316 3514 huc
329 3463 359 3513 et
371 3453 452 3512 salcis
465 3455 567 3532 honos,
580 3457 640 3516 huc
654 3455 843 3515 omnis'aratri

108 3534 206 3592 Cessit
220 3552 318 3606 amor;
340 3543 499 3612 recoquunt
510 3537 615 3614 patrios
628 3535 790 3594 fornacibus
805 3533 905 3592 cnsea'
943 3535 945 3539 ’

107 3611 239 3672 Classica
248 3615 368 3692 jamque
382 3621 501 3672 sonant:
522 3615 634 3674 itbello
647 3622 755 3675 tessera
768 3613 889 3689 signum.

108 3693 169 3753 Hic
183 3692 295 3770 galeam
308 3690 391 3751 tectis
403 3691 531 3770 trepidus
543 3694 634 3772 rapit;
655 3694 708 3768 ille
718 3692 871 3751 trementes
