2400 4178
495 209 611 273 manu
630 216 708 274 vm.
763 181 767 188 ⁴

71 427 75 434 ,
111 366 235 442 Exiguae
250 366 344 441 sires:
366 365 435 424 hinc
449 365 547 424 Tusco
561 366 722 442 claudimur
735 356 832 442 amni3

111 444 192 502 Hinc
206 444 331 503 Rutulus
345 444 458 520 premit,
474 452 504 502 et
516 464 630 503 murum
643 445 837 506 circumsonat
851 448 945 508 armis.
964 467 972 479 ·
1079 502 1085 509 .
1174 464 1188 492 ²

113 523 172 580 Sed
185 523 237 580 tibi
252 542 306 598 ego
320 523 451 598 ingentes
464 523 588 599 populos
602 524 797 601 opulentaque
811 527 908 602 regnis

110 599 128 657 J
130 617 237 676 ungere
251 610 342 659 castra
354 620 422 677 paro
435 620 441 657 :
464 614 550 677 quam
563 600 620 659 t'ors
633 603 753 679 inopina
766 603 888 663 salutem
1000 656 1002 662 ,

113 678 264 752 Ostentat;
286 679 350 737 fatis
364 679 421 736 huc
436 680 662 755 tepescentibus
677 680 770 739 affers.
855 709 861 720 ¹

112 755 201 814 Haud
213 758 314 833 procul
328 749 397 819 hinc
411 773 480 815 saxo
494 758 629 817 incolitur
641 759 761 818 fundata
774 751 888 820 vetusto

111 835 199 894 Urbis
213 837 357 912 Agyllinae
372 835 466 911 sedes,
481 836 531 893 ubi
544 837 639 912 Lydia
652 835 811 914 quondam

111 913 204 989 Gens,-
215 913 292 972 bello
306 913 453 991 praeclara,
463 914 542 991 jugis
555 915 662 975 insedit
674 916 816 974 Etruscis.
952 974 955 980 ,

110 991 196 1050 Hanc
211 994 314 1050 multos
328 993 479 1049 florentem
493 996 583 1062 annos
597 1011 649 1049 rex
662 993 768 1050 deinde
783 995 906 1072 superbo
936 1044 942 1056 .

111 1069 238 1146 Imperio
253 1080 282 1128 et
296 1071 386 1129 saevis·
396 1070 489 1128 tenuit
502 1070 668 1128 Mezentius
683 1072 777 1130 armis.
876 1112 877 1116 ,

111 1149 190 1220 Quid
205 1168 362 1206 memorem
376 1148 505 1206 infandas
520 1150 625 1224 caedes,
641 1151 709 1225 quid
723 1150 797 1208 facta
810 1153 924 1227 tyranni

110 1227 228 1284 Effera!
251 1225 291 1283 Di
307 1227 392 1303 capiti
407 1227 496 1302 ipsius
510 1228 665 1306 generique
678 1233 842 1289 reservent!

110 1306 227 1363 Mortua
240 1306 308 1382 quin
318 1307 410 1363 etiam
417 1367 419 1370 ,
420 1306 564 1381 jungebat·
571 1325 693 1383 corpora
705 1307 790 1382 vivis,
890 1324 896 1327 ·

108 1385 296 1461 componens
311 1384 500 1461 manibusque
515 1404 616 1444 manus
631 1393 715 1461 atque
730 1385 826 1443 oribus
841 1405 910 1462 ora,

109 1463 259 1522 Tormenti
273 1462 383 1539 genus!
407 1472 436 1522 et
450 1464 529 1520 sanie
543 1462 667 1540 taboque
680 1464 804 1523 fluentes

110 1543 274 1618 Complexo
290 1544 320 1600 in
335 1542 439 1599 misero
453 1542 539 1618 longi
554 1543 595 1601 sic
609 1551 700 1602 morte
715 1543 844 1602 necabat.
924 1561 926 1565 ⁴

109 1623 149 1678 At
161 1623 229 1678 fessi
244 1622 359 1679 tandem
373 1621 451 1678 cives
465 1621 582 1679 infanda
595 1622 738 1680 furentem
819 1674 820 1677 ,

109 1701 220 1757 Armati
234 1700 448 1757 circumsistunt
460 1699 613 1776 ipsumque
628 1702 821 1776 domumque:

110 1778 290 1835 Obtruncant
303 1779 415 1851 socios,
437 1779 534 1853 ignem
549 1778 585 1835 ad
598 1779 710 1854 fastigia
720 1781 838 1856 jactant.

110 1857 163 1913 Ille
179 1859 252 1914 inter
265 1857 376 1914 caedem
389 1856 564 1913 Rutulorum
578 1857 694 1932 elapsus
707 1858 737 1914 in
752 1876 834 1932 agros

109 1928 284 2011 Confugere,
300 1944 329 1994 et
342 1935 435 1992 Turni
449 1934 598 1992 defendier
611 1935 733 2012 hospitis
748 1935 841 1994 armis.

109 2015 188 2089 Ergo
203 2016 297 2072 omnis
311 2014 391 2072 furiis
406 2013 530 2072 surrexit
544 2014 661 2072 Etruria
670 2014 756 2093 justis
768 2034 776 2088 ;
841 2015 867 2028 ''

108 2094 223 2169 Regem
238 2088 460 2171 ad‘supplicium
474 2093 610 2170 presenti
624 2094 719 2152 Marte
733 2101 897 2170 reposcunt.
929 2104 946 2123 '¹

59 2241 70 2253 .
109 2172 165 2230 His
180 2193 233 2249 ego
248 2182 286 2248 te,
302 2173 406 2248 AEnea,
420 2173 570 2240 ductorem
585 2172 711 2230 millibus
725 2173 838 2238 addam,

108 2251 184 2310 Toto
198 2272 323 2328 namque
337 2252 462 2321 fremunt
476 2252 629 2309 condensae
643 2251 738 2310 littore
751 2270 875 2328 puppes,

110 2329 255 2407 Signaque
269 2331 342 2396 serre
352 2331 476 2408 jubent:
494 2330 602 2388 retinet
615 2331 764 2406 longaevus
778 2329 933 2408 haruspex,

108 2406 181 2464 Fata
195 2427 301 2466 canens
313 2429 320 2464 :
343 2409 368 2467 0
384 2409 521 2466 Maeoniae
536 2408 650 2467 delecta
658 2411 808 2485 juventus,

108 2483 180 2542 Flos
194 2494 324 2543 veterum
337 2487 483 2561 virtusque
497 2484 600 2559 virum,
615 2506 686 2563 quos
696 2490 792 2564 justus
806 2486 837 2543 in
850 2487 964 2546 hostem

108 2562 179 2622 Fert
193 2564 282 2636 dolor,
298 2572 326 2620 et
340 2563 441 2619 meriti
456 2562 589 2621 accendit
602 2565 768 2621 Mezentius
781 2565 833 2639 irai,
948 2574 954 2584 ‘

107 2641 193 2699 Nulli
206 2643 248 2699 fas
263 2641 336 2699 Italo
350 2647 458 2699 tantam
472 2639 646 2716 subjungere
660 2650 776 2717 gentem
788 2660 796 2712 3

108 2720 254 2778 Externos
269 2728 365 2796 optate
380 2719 477 2776 duces.
520 2718 598 2775 Tum
611 2719 736 2777 Etrusca
748 2718 856 2794 resedit

107 2799 174 2856 Hoc
190 2800 265 2857 acies
280 2818 393 2875 campo,
408 2796 523 2854 monitis
538 2797 673 2856 exterrita
687 2795 795 2855 divim.
878 2825 882 2830 ·

108 2879 176 2955 lpse
191 2887 317 2951 oratores
331 2878 367 2935 ad
381 2895 429 2934 me
443 2875 582 2952 regnique
595 2894 730 2935 coronam

107 2957 184 3016 Cum
199 2966 312 3034 sceptro
328 2956 415 3030 misit,
430 2955 604 3031 mandatque
618 2955 752 3031 insignia,
767 2954 892 3030 Tarcho,
924 2972 928 2981 ·

57 3108 59 3111 Ι
108 3037 268 3095 Succedam
283 3037 391 3108 castris,
406 3034 616 3110 Tyrrhenaque
630 3053 718 3109 regna
731 3053 887 3110 capessam.
912 3037 920 3062 ³

109 3116 167 3173 Sed
180 3116 252 3172 mihi
266 3116 346 3174 tarda
359 3113 426 3190 gelu
440 3113 590 3189 saeclisque
604 3111 701 3171 effoeta
715 3121 848 3171 senectus

108 3194 225 3252 invidet
237 3194 401 3269 imperium,
416 3211 547 3268 seraeque
562 3192 597 3250 ad
612 3191 695 3250 fortia
707 3191 792 3250 vires.

107 3271 216 3329 Natum
232 3272 406 3345 exhortarer,
420 3271 452 3328 ni
464 3272 573 3329 miratus
586 3277 677 3328 matre
692 3269 809 3328 Sabella
866 3317 871 3325 .

108 3350 188 3407 Hinc
201 3359 311 3426 partem
325 3349 426 3430 patriae
440 3349 573 3408 traheret.
615 3348 672 3424 Tu,
687 3351 770 3427 cujus
781 3357 814 3431 ¹et
827 3319 911 3425 aihta}

108 3430 150 3486 Et
163 3427 262 3503 generi
274 3426 332 3485 sata
344 3420 504 3502 indulgent,
519 3446 606 3503 quem
619 3427 741 3500 numina
752 3434 886 3504 poscunt,

109 3505 275 3582 Ingredere,
289 3525 307 3563 o
322 3503 468 3561 Teucrum
483 3513 567 3583 atque
582 3505 688 3564 ltaliam
702 3504 855 3564 fortissime
868 3505 979 3562 ductor.
1084 3507 1087 3510 ’

109 3585 198 3642 Hunc
213 3582 265 3640 tibi
278 3589 427 3659 praeterea,
442 3601 508 3659 spes
521 3592 551 3643 et
562 3584 665 3643 'solatia
678 3584 776 3657 nostri,
819 3645 823 3662 ‚

107 3662 240 3722 Pallanta
254 3662 418 3739 adjungam.
462 3661 522 3719 Sub
535 3662 565 3721 te
578 3663 700 3722 tolerare
714 3661 849 3737 magistro
1021 3728 1023 3731 ¹
1087 3718 1096 3730 ,,

108 3739 246 3805 Militiam
261 3747 290 3798 et
298 3758 389 3816 grave
403 3739 506 3800 Martis
520 3759 602 3820 opus,
614 3750 665 3806 tua
673 3758 796 3804 cernere
810 3738 896 3823 lacta,
961 3793 964 3798 Α
1015 3763 1019 3802 ·.
