2370 4176
423 198 434 239 .’
484 174 638 250 nouom
649 192 706 257 2v1·
1050 202 1088 260 ra
1155 146 1163 155 ⁸

99 337 246 417 incipiant
259 337 339 398 silve
353 357 442 416 quum
455 337 581 416 primum
594 348 721 421 surgere,
736 360 882 420 quumque
918 406 921 413 ,

99 417 178 476 Rara
189 437 243 495 per
255 419 369 494 ignotos
383 427 478 477 errent
491 402 775 501 animnffinontesa,
910 422 929 499 J.
941 429 978 495 }··.t
1043 431 1084 486 40

139 495 221 555 Hinc
235 496 347 574 lapides
360 496 479 573 Pyrrhe
488 500 593 575 jactos,
610 494 743 557 Saturnia
755 516 853 576 regna,

100 573 317 653 Caucasiasque
329 576 416 633 refert
427 572 570 652 uolucres,
584 577 751 654 furtumque
764 575 942 649 Promefflei.
975 638 982 647 ,

100 652 157 710 His
171 653 312 732 adjungit,
326 654 426 730 Hylan
439 663 534 713 nautae
548 673 606 731 quo
619 655 698 713 fonte
711 655 844 715 relictum
893 671 901 683 ·

101 730 302 805 Clamissent3
324 740 357 789 ut
370 728 460 808 littus,
475 751 566 808 uuna,
577 751 670 808 uuna,
686 752 772 797 omne
785 744 907 795 sonaret.

100 809 150 883 Et,
165 810 338 868 fortunatam
352 811 377 868 si
389 830 537 888 nunquam
552 820 682 870 armenta
694 812 825 887 fuissent,

99 886 266 964 Pasiphaen
280 889 358 946 nivei
371 890 478 947 solatur
491 908 588 947 amore
597 890 738 967 juvenci:

99 965 168 1022 Ah!
190 967 270 1042 virgo
284 967 396 1042 infelix,
410 986 474 1043 quae
488 965 517 1025 t'e
531 968 679 1026 dementia
692 969 788 1044 cepit!

98 1043 242 1103 Proetides
255 1043 414 1125 implerunt
426 1045 504 1103 falsis
518 1046 676 1121 mugitibus
691 1065 791 1121 agros3

99 1123 141 1179 At
153 1142 212 1180 non
226 1133 284 1182 tam
298 1131 397 1200 turpes
410 1125 559 1199 pecudum
572 1133 671 1182 tamen
685 1125 745 1182 ulla
758 1133 859 1184 secuta
872 1133 916 1182 est

101 1199 292 1275 Concubitus,
306 1203 440 1278 quamvis
455 1203 529 1258 collo
543 1203 687 1260 timuisset
701 1211 835 1279 aratrum,
1041 1209 1079 1260 50

98 1277 143 1335 Et
156 1278 235 1356 saepd
249 1281 280 1337 in
292 1280 351 1338 levi
365 1277 517 1356 quaesisset
530 1298 638 1337 cornua
650 1281 752 1339 fronte.
816 1278 827 1301 ⁶
1127 1274 1132 1285 “

99 1357 167 1415 Ah!
188 1358 267 1437 virgo
281 1358 391 1432 infelix,
406 1365 438 1414 tu
452 1353 531 1415 nunc
546 1357 576 1415 in
590 1358 737 1416 montibus
751 1377 846 1416 erras:

100 1433 165 1511 Ille,
179 1437 254 1495 latus
267 1437 386 1495 niveum
400 1436 481 1493 molli
494 1436 584 1494 fultus
597 1436 765 1512 hyacintho,

102 1512 175 1572 Ilice
189 1515 242 1572 sub
257 1516 337 1592 nigri
350 1514 491 1591 pallentes
506 1515 632 1572 ruminat
645 1515 758 1590 herbas,

100 1589 164 1651 Aut
174 1593 298 1670 aliquam
307 1594 340 1651 iu
350 1612 453 1667 magno
462 1593 591 1670 sequitur
601 1613 696 1670 grege.
719 1595 862 1668 Claudite,
872 1591 1093 1671 Nymphae,5s

82 1671 86 1677 ’
101 1674 223 1731 Dictaeae
237 1672 395 1749 Nymphae,
409 1675 562 1729 nem'orum
572 1674 633 1750 jam
649 1672 774 1731 claudite
788 1673 896 1745 saltus;

103 1753 134 1822 Si
147 1751 204 1826 qui
217 1747 289 1808 forte
303 1751 395 1808 ferant
408 1751 500 1808 oculis
514 1769 577 1808 sese
591 1750 677 1807 obvia
689 1751 793 1809 nostris

101 1829 272 1902 Errabunda
280 1818 367 1887 liovis
379 1829 519 1904 vestigia:
540 1828 657 1886 forsitan
672 1828 765 1903 illum,

101 1910 162 1968 Aut
175 1907 265 1965 herbi
279 1915 397 1985 captum
405 1907 506 1982 viridi,
522 1915 570 1964 aut
584 1915 712 1964 armenta
725 1915 870 1983 secutum,

100 1987 263 2047 Perducant
276 1986 378 2062 aliquae
393 1985 507 2044 stabula
519 1986 555 2043 ad
569 1985 710 2060 Gortynia
722 2004 830 2043 vaccae.
1040 1989 1079 2042 60

139 2066 217 2123 Tum
233 2065 310 2122 canit
323 2064 518 2141 Hesperidum
532 2064 662 2121 miratam
676 2063 752 2120 mala
765 2063 911 2140 puellam:

100 2145 179 2201 Tum
192 2142 436 2200 Phaethontiadas
451 2161 550 2200 musco
563 2142 721 2200 circumdat
734 2161 837 2200 amarae

101 2221 234 2296 Corticis,
248 2228 332 2297 atque
346 2221 407 2279 solo
421 2240 553 2298 proceras
567 2221 651 2295 erigit
664 2221 752 2278 alnos.
962 2280 965 2283 ,

100 2301 178 2357 Tum
192 2300 268 2357 canit
281 2307 422 2377 errantem
435 2299 581 2356 Permessi
595 2301 631 2359 ad
644 2298 763 2357 flumina
777 2298 894 2358 Gallum

101 2381 199 2438 Aonas
212 2378 242 2435 in
255 2389 368 2436 montes
381 2387 414 2436 ut
427 2378 541 2435 duxerit
553 2397 611 2435 una
624 2396 752 2435 sororum
765 2399 771 2435 :
1040 2379 1079 2432 65

102 2457 198 2533 thue
211 2457 272 2513 viro
286 2456 392 2514 Phoebi
406 2455 510 2514 chorus
524 2456 710 2515 assurrexerit
722 2457 835 2528 omnis;

102 2535 143 2594 Ut
156 2536 247 2593 Linus
260 2533 326 2593 haec
339 2535 383 2592 illi
397 2533 495 2592 divino
509 2534 637 2592 carmine
649 2543 755 2611 pastor,

100 2614 233 2672 Floribus
247 2621 331 2689 atque
346 2614 410 2690 apio
424 2612 517 2671 crines
530 2622 646 2679 ornatus
660 2631 765 2688 amaro,

101 2692 233 2753 Dixerit:
255 2691 320 2748 Hos
333 2691 386 2749 tibi
399 2691 468 2749 dant
480 2692 615 2766 calamos,
630 2710 676 2765 en,
692 2692 800 2766 accipe,
815 2689 921 2762 Musae,

101 2773 217 2841 Ascraeo
232 2788 303 2846 quos
318 2767 383 2828 ante
399 2769 479 2843 seni,
500 2769 605 2846 quibus
618 2768 667 2825 ille
682 2767 793 2825 solebat
1041 2769 1082 2822 70

102 2848 252 2907 Cantando
266 2848 371 2923 rigidas
386 2847 528 2906 deducere
542 2847 687 2905 montibus
701 2865 806 2904 ornos:

102 2927 158 2986 His
171 2927 224 2986 tibi
238 2927 348 3003 Grynei
361 2927 486 2984 nemoris
501 2926 611 2984 dicatur
624 2925 713 3002 origo,
767 2976 771 2984 ,

102 3005 149 3064 Ne
163 3007 228 3082 quis
241 3005 279 3080 sit
291 3005 373 3064 lucus
387 3019 444 3081 quo
458 3023 491 3062 se
503 3004 568 3080 plus
578 3006 670 3082 jactet
683 3000 799 3079 Apollo

141 3084 220 3155 Quid
233 3084 341 3160 loquar,
355 3091 388 3142 ut
402 3084 529 3159 Scyllam
541 3082 620 3157 Nisi,
635 3101 722 3158 quam
735 3080 813 3138 fama
826 3087 927 3138 secuta
940 3089 992 3156 est,

102 3162 233 3220 Candida
246 3162 420 3221 succinctam
433 3160 602 3219 latrantibus
616 3161 734 3236 inguina
746 3159 891 3236 monstris,
1043 3162 1080 3215 75

104 3241 257 3298 Dulichias
270 3240 393 3298 vexisse
406 3248 490 3315 rates,
506 3247 542 3298 et
548 3239 658 3314 gurgite
672 3240 703 3297 in
717 3238 774 3297 alto

101 3320 167 3377 Ah!
189 3319 304 3378 timidos
318 3326 418 3377 nautas
432 3317 551 3376 canibus
564 3317 706 3375 lacertsse
719 3317 857 3390 marinis;

102 3399 162 3467 Aut
174 3407 207 3456 ut
220 3405 344 3455 mutatos
357 3397 445 3454 Terei
458 3395 614 3454 narraverit
627 3397 727 3454 artus?

104 3472 183 3547 Quas
196 3476 239 3533 illi
251 3475 416 3533 Philomela
429 3475 528 3552 dapes,
543 3493 606 3551 quae
622 3475 698 3531 dona
710 3472 838 3551 paririt?
1082 3518 1086 3525 .

103 3555 171 3627 Quo
184 3572 271 3613 cursu
284 3555 396 3615 deserta
407 3553 551 3631 petiverit,
566 3551 713 3629 atquibus
727 3547 793 3608 ante
1043 3545 1083 3602 80

103 3633 209 3692 infelix
223 3651 275 3692 sua
288 3639 365 3690 tecta
378 3630 628 3710 supervolitaverit
641 3628 693 3687 alis
702 3630 716 3686 i
