2400 4178
15 801 24 813 κ
106 765 152 824 Te
165 784 278 842 quoque
292 765 449 824 Laurentes
462 763 603 838 viderunt,

105 220 161 285 U
506 215 686 277 mutuos

108 370 167 432 Olli
180 389 232 449 per
244 369 356 447 galeam
368 369 427 429 tro
441 366 519 431 stetit
529 366 613 429 basta
625 366 750 427 cerebro.

107 451 237 509 Dextera
249 468 303 508 nec
316 458 367 510 tus
377 456 417 523 te,
432 447 552 509 Graium
564 446 726 523 fortissime,
739 447 857 526 Cressa,

107 529 224 606 Eripuit
237 528 343 587 Turno.
383 527 416 588 N
417 545 450 585 ec
464 525 493 586 di
506 523 605 586 texere
619 526 799 603 Cupencum,

107 608 204 666 AEnet
217 607 361 681 veniente,
375 606 437 665 sui:
459 605 538 665 dedit
550 604 635 663 obvia
647 604 721 664 serm

107 686 247 760 Pectora3
268 704 321 743 nec
335 685 439 744 misero
452 683 547 762 clypei
560 683 756 820 moripquobrit
768 684 844 776 erci.

687 781 714 838 e,
727 779 818 833 caurpr

107 843 262 921 Oppetere,
277 851 305 901 et
317 839 374 901 late
388 850 491 900 terram
505 849 685 900 consternere
698 849 796 918 tergo:

108 922 234 996 Occidis,
247 922 361 998 Argisue
375 940 460 998 quem
475 939 532 978 nou
546 919 666 996 potuere
678 919 782 998 pbalan
803 939 834 978 es

108 1002 249 1077 Sternere,
263 1019 317 1058 nec
331 1000 438 1059 Priami
451 1017 602 1074 regnorum
618 1017 731 1057 eversor
743 1001 787 1057 Ac
810 1000 816 1013 '
840 1016 891 1071 cs;

107 1078 165 1137 Hic
179 1078 231 1137 tibi
244 1079 341 1139 mortis
355 1087 435 1137 erant
447 1086 549 1135 mete:
571 1077 674 1136 domus
688 1077 744 1136 alta
756 1075 809 1136 sub
824 1078 886 1153 lut,
936 1143 940 1151 ¹

107 1158 247 1237 Iryrnessi¹
254 1158 356 1216 domus
370 1158 443 1229 alta;
464 1155 525 1214 solo
539 1156 681 1215 Laurente
695 1155 865 1233 sepulcrum.

107 1237 189 1294 Totae
205 1232 276 1294 aded
291 1255 433 1293 converse
448 1235 533 1308 acies,
547 1253 704 1312 omnesque
718 1235 822 1311 Latini,

107 1315 216 1374 Omnes
230 1315 412 1388 Dardanide,
427 1313 608 1388 Mnestheus,
623 1332 745 1390 acerque
760 1314 901 1388 Serestus,

106 1394 147 1452 Et
160 1394 312 1471 Messapus
327 1392 432 1469 equium
447 1391 576 1467 domitor,
591 1401 620 1450 et
632 1393 711 1451 sortis
724 1392 837 1470 Asylas,
941 1437 946 1444 .

107 1472 325 1550 Tuscorumque
337 1471 475 1548 phalanx,
489 1471 675 1548 Evandrique
689 1472 815 1530 Arcades
829 1471 901 1530 alre:

106 1550 162 1608 Pro
177 1571 207 1608 se
221 1550 340 1628 quisque
354 1551 407 1608 viri
421 1550 532 1608 summis
544 1550 673 1608 nituntur
686 1570 773 1627 opum
787 1551 825 1609 vi.

106 1629 137 1688 N
138 1650 170 1688 ec
185 1650 271 1705 mora,
285 1649 339 1687 nec
353 1629 484 1705 requies:
505 1636 585 1686 vasto
599 1630 754 1688 certamine
767 1630 896 1689 tendunt

145 1707 204 1766 Hic
217 1717 343 1768 mentem
356 1708 460 1766 AEneae
474 1708 604 1783 genetrix
617 1709 808 1785 pulcherrima
821 1709 899 1767 misit

107 1787 164 1845 Iret
177 1796 209 1846 ut
223 1789 258 1845 ad
272 1807 377 1862 muros,
390 1786 511 1862 urbique
525 1787 684 1846 adverteret
696 1807 798 1864 agmen

106 1863 204 1942 Ociirs,
219 1875 248 1925 et
261 1867 354 1924 subiti
367 1866 493 1925 turbaret
505 1865 586 1924 clade
599 1867 725 1926 Latinos.

106 1944 171 2021 Ille,-
183 1955 224 2022 ut,
237 1946 381 2021 vestigans
393 1945 506 2003 diversa
517 1964 570 2022 per
583 1947 696 2022 agmina
710 1946 851 2021 Turnum,

106 2024 173 2082 Huc
187 2033 272 2100 atque
285 2024 344 2084 buc
357 2024 434 2082 acies
448 2024 630 2098 circumtulit,
645 2025 764 2103 adspicit
777 2024 876 2083 urbem
959 2109 964 2119 ι

105 2103 272 2177 Immunem¹
280 2104 350 2162 tanti
363 2102 432 2161 belli
441 2110 531 2180 'atque
544 2103 662 2179 impuno
676 2103 812 2179 quietam.

105 2179 249 2241 Continui)
262 2200 366 2259 pugnoe
381 2182 514 2240 accendit
526 2182 640 2260 majoris
652 2182 757 2257 imago.

104 2260 269 2335 Mnesthea,
284 2261 506 2336 Sergestumque
519 2267 612 2334 vocat,
627 2259 786 2336 sortemque
800 2261 958 2336 Serestum,

104 2339 264 2412 Ductorcs3
285 2338 483 2414 tumulumque
497 2338 582 2415 capit,
596 2335 652 2415 qud
667 2349 770 2399 caetcra
783 2339 930 2401 Teucrirrn

105 2417 256 2475 Concurrit
268 2418 362 2494 legi03
383 2435 438 2477 nec
452 2425 533 2476 scuta
546 2424 595 2477 aut
608 2417 718 2495 spicula
731 2418 812 2479 densi

106 2497 271 2573 Deponunt
313 2495 399 2555 Celso
414 2496 526 2556 medius
538 2503 617 2554 stans
631 2516 733 2573 aggere
747 2497 837 2556 satur:

104 2574 136 2633 N
137 2595 209 2653 equa
223 2576 294 2634 meis
308 2583 368 2633 esto
382 2574 465 2633 dictis
478 2594 574 2637 mora:
595 2575 706 2653 Jupiter
718 2575 773 2635 hte
787 2585 859 2636 stat:

104 2653 136 2712 N
137 2674 172 2712 eu
187 2655 249 2730 quis
263 2653 299 2712 ob
313 2654 461 2731 inceptum
472 2653 600 2713 subitum
613 2655 684 2714 mibi
697 2656 810 2731 segnior
822 2656 871 2715 ito.

105 2733 216 2792 Urbem
229 2733 326 2810 hodie,
340 2753 455 2794 causam
469 2733 547 2808 belii,
562 2752 649 2809 regna
660 2735 723 2811 ipsa
736 2735 840 2811 Latini,

104 2812 146 2870 Ni
159 2813 280 2875 frenum
294 2813 424 2890 accipere
438 2821 467 2873 et
480 2813 547 2872 victi
560 2832 658 2889 parere
671 2814 802 2888 fatentur,

104 2891 224 2964 Eruam,
239 2900 268 2950 et
281 2910 364 2968 aequa
374 2891 438 2951 solo
450 2890 588 2951 fumantia
601 2891 725 2950 culmina
738 2912 852 2968 ponam.

106 2970 222 3028 Scilicet
235 2977 399 3047 exspectem
411 2968 500 3027 libeat
512 2969 581 3027 dum
594 2969 694 3046 proelia
707 2971 807 3029 Turno

103 3047 135 3106 N
136 3056 211 3106 ostra
223 3049 291 3125 pati,
306 3064 456 3124 rursusque
470 3046 540 3105 velit
549 3067 719 3109 concurrere
733 3050 847 3110 victus?

105 3127 170 3184 Hoc
184 3134 279 3203 caput,
293 3145 311 3183 ο
324 3126 412 3220 cives,
423 3124 488 3185 brec
501 3125 569 3185 belli
583 3144 695 3184 summa
707 3128 832 3187 nefandi.

104 3205 191 3264 Ferte
204 3204 281 3266 faces
293 3222 426 3282 propere,
440 3203 587 3281 soedusque
600 3205 739 3280 reposcite
753 3206 883 3267 flammis.

104 3285 242 3345 Dixerat:
265 3291 348 3360 atque
362 3282 463 3343 animis
475 3284 580 3359 pariter
592 3283 765 3343 certantibus
777 3306 879 3347 omnes

104 3365 184 3423 Dant
196 3382 330 3438 cuneum,
345 3361 490 3437 densique
503 3363 539 3420 ad
551 3380 648 3422 muros
662 3363 737 3422 mole
749 3364 887 3426 serantur.

106 3443 197 3501 Scalae
211 3438 374 3520 improviso,
387 3439 553 3518 subitusque
567 3441 695 3517 apparuit
707 3442 791 3518 ignis.

105 3522 275 3580 Discurrunt
288 3521 336 3579 alii
350 3521 501 3598 adportas,
514 3519 677 3656 primosque
690 3522 849 3598 trucidant3

104 3601 226 3658 Ferrum
240 3600 288 3657 alii
300 3607 442 3676 torquent,
456 3607 516 3658 eto
535 3597 667 3658 umbrant
680 3601 787 3661 retbere
799 3603 873 3662 telis.

105 3678 173 3754 Ipse
186 3680 260 3737 inter
272 3678 378 3756 primos
391 3679 521 3739 dextram
533 3676 587 3736 sub
601 3679 706 3739 moeuia
718 3681 809 3740 tendit

104 3757 224 3818 AEneas.
238 3757 397 3836 magnique
411 3757 523 3819 incusat
535 3775 606 3817 voce
621 3757 773 3820 Latinum:

1016 3760 1090 3837 ⁸⁸⁰„
