2400 4178
106 194 162 253 l!
514 186 697 250 AENRIDOS

106 343 252 404 Nauticus
264 361 273 415 3
295 342 425 400 adductis
439 349 574 418 spumant
587 341 660 400 ueta
671 360 755 400 versa
767 342 893 404 lacertis

107 422 259 480 Infindunt
271 421 377 498 puriter
389 419 505 492 sulc0s;
526 428 676 497 totumque
688 419 813 480 dehiscit

107 500 287 559 Οοιιιιιιιιιιιι
300 499 387 558 remis
399 499 554 574 rostrisque
568 498 740 557 tridentibus
752 518 860 576 equor.

105 578 176 638 Non
190 588 249 638 tam
262 578 426 656 precipites
440 576 538 656 bijugo
551 578 707 636 certamine
720 596 860 657 campum

106 655 290 749 Corripudre,
304 666 449 733 ruuntque
463 656 548 715 effusi
561 675 675 719 cercere
689 675 809 730 currus3
1034 663 1095 721 145

105 736 209 795 Nec
187 755 228 794 sic
242 736 377 794 immissis
391 735 497 810 surige
511 735 651 794 undantia
664 734 725 792 lors

106 813 311 873 Concussdre'
298 816 386 893 jugis,
401 815 558 907 pronique
555 814 585 871 in
599 813 720 871 verbera
730 814 868 891 pendent.

106 893 184 952 Tum
198 893 301 969 plausu
314 893 528 971 fremituque
500 892 606 968 vuum,
620 893 779 969 studiisque
792 893 950 970 faventum,

105 971 254 1030 Consonat
267 991 354 1029 omne
368 991 489 1044 nemus,
510 990 671 1047 vocemque
685 971 796 1030 inclusa
808 971 940 1033 volutant

46 1094 56 1107 .
105 1050 234 1124 Littoro3
255 1050 360 1127 pulsati
375 1050 464 1109 colles
478 1050 602 1108 clumore
617 1050 764 1109 resultant.
1032 1056 1092 1111 150

105 1128 220 1203 Effugit
233 1138 299 1186 ante
315 1129 395 1203 alios,
410 1130 569 1205 primisque
584 1127 706 1186 elabitur
718 1128 805 1187 undis

105 1206 234 1264 Turbam
249 1208 323 1266 inter
335 1207 538 1284 fremitumque
552 1207 651 1283 Gyas:
672 1226 762 1283 quern
775 1207 882 1267 deinde
894 1208 1056 1270 Cloanthus

105 1284 308 1362 Consequitur,
322 1286 425 1343 melior
438 1287 544 1359 remis·
566 1287 617 1344 sed
630 1287 760 1378 pondere
794 1288 861 1346 inus

105 1364 202 1422 Tards
214 1373 302 1423 tenet.
344 1365 416 1424 Post
428 1365 483 1423 bos
496 1385 579 1442 aequo
593 1364 758 1422 discrimine
814 1366 875 1424 stis

104 1443 326 1521 Centaurusque
339 1443 436 1502 locum
450 1445 572 1503 tendunt
585 1461 720 1520 superure
732 1443 867 1536 priorem.
1032 1448 1091 1504 165

105 1521 145 1578 Et
159 1541 235 1579 nune
249 1522 350 1580 Pristis
364 1522 468 1594 habet,
490 1541 566 1579 nunc
580 1521 686 1578 victum
701 1520 849 1597 preterit
840 1541 945 1598 iugens

104 1600 283 1671 Centaurus,
304 1618 382 1656 nnnc
396 1599 454 1656 ιιιιι
468 1599 560 1656 amboe
570 1599 737 1678 junctisque
750 1598 880 1659 feruutur
938 1614 944 1621 '

104 1676 270 1753 Frontibus,
286 1685 315 1735 et
328 1677 414 1753 longi
428 1677 540 1736 sulcant
549 1679 624 1736 vada
636 1677 712 1736 salsa
724 1678 831 1737 cauni.

102 1755 226 1833 Jsmque
240 1756 469 1833 propinquabant
482 1756 612 1834 scopulo,
626 1766 789 1851 metumque
803 1759 950 1850 tenebant,

105 1836 203 1907 Quum
218 1837 353 1928 princeps
369 1837 523 1913 medioque
537 1837 639 1913 Gyas
630 1856 661 1893 ιιι
675 1838 787 1913 gurgite
800 1837 892 1896 victor

103 1912 259 1973 Rectorem
273 1915 355 1973 navis
369 1916 524 1993 compellat
536 1934 610 1974 uoce
623 1915 798 1975 Meuoeten·

104 1990 172 2063 Qut
186 2003 297 2052 tantum
310 1993 383 2051 mihi
396 1996 497 2053 dexter
511 1995 593 2053 abis?
614 1994 672 2051 huc
685 1995 777 2071 dirige
790 2014 942 2071 gressum

103 2073 198 2130 Littus
213 2093 285 2146 ama,
301 2081 330 2129 et
343 2072 432 2130 laevas
446 2073 565 2147 stringat
577 2074 640 2130 siue
653 2072 780 2147 palmula
793 2083 909 2133 cautes:

103 2150 203 2209 Altum
218 2152 265 2208 alii
280 2160 405 2208 teneant.
447 2151 550 2221 Dixit3
572 2150 624 2207 sed
638 2168 717 2207 caeca
729 2151 877 2210 Menoetes

104 2229 181 2287 Saxa
194 2230 298 2287 timeus
312 2247 424 2304 proram
438 2227 533 2303 pelagi
547 2229 697 2303 detorques
711 2230 747 2287 ad
757 2231 860 2288 undas.
934 2274 938 2281 .

104 2305 171 2377 Quo
186 2308 315 2364 diversus
329 2306 413 2364 ubis?
435 2307 546 2380 iterum,
562 2307 635 2365 Pete
648 2324 727 2382 saxu,
739 2308 880 2384 Menoete,

102 2387 179 2444 Cum
194 2385 319 2443 clamore
334 2386 413 2462 Gyas
423 2385 584 2443 revocabat.
626 2385 667 2443 Et
680 2404 749 2444 ecce
764 2386 943 2448 Cloanthum

102 2465 255 2556 Respicit
246 2473 401 2523 instantem
414 2474 505 2541 tergo,
520 2473 550 2523 et
561 2465 694 2542 propiora
706 2472 864 2525 tenentem.

103 2542 179 2601 Ille
171 2552 246 2601 inter
258 2563 422 2622 navemque
436 2545 510 2621 Cyre
524 2543 714 2641 scopulosque
728 2554 863 2606 sonantes

102 2623 212 2681 Radit
205 2631 259 2681 rter
272 2623 402 2682 laevum
394 2624 520 2698 1nterior,
535 2619 690 2702 subitdque
702 2625 827 2703 priorem

102 2702 243 2777 Praeteu‘t,
258 2711 287 2761 et
300 2704 384 2762 metis
398 2713 479 2762 tenet
492 2713 676 2780 aequoratuta
688 2703 804 2763 relictis.

102 2781 180 2839 Tum
195 2779 263 2840 verb
278 2785 406 2842 exarsit
393 2803 496 2879 juvem
488 2783 591 2841 dolor
604 2783 738 2841 ossibus
729 2800 851 2858 rugens3

102 2861 132 2918 N
134 2880 168 2918 ec
181 2861 314 2936 lacrymis
328 2861 446 2920 camere
460 2881 562 2937 geum
584 2878 762 2936 segnemque
774 2861 937 2938 Menoeten,

106 2939 220 2998 Oblitus
235 2941 405 3031 decorisque
419 2941 464 2997 sui
478 2940 647 3014 sociumque
661 2938 769 3010 salutis,

104 3018 137 3074 ln
153 3037 232 3074 mare
247 3017 427 3093 praeeipitem
440 3037 531 3092 puppr
524 3016 677 3074 deturbat
690 3015 726 3073 ab
741 2981 807 3073 altu.

103 3095 169 3170 Ipse
184 3094 357 3186 gubernaclo
371 3102 464 3151 rector
477 3095 586 3152 subit
555 3114 640 3172 ,rpse
653 3094 808 3169 magister.

102 3173 207 3231 Hortat
196 3182 297 3249 turque
311 3173 396 3245 ιιιοι,
411 3139 583 3247 clavumque
598 3173 633 3230 ad
647 3171 741 3229 littora
754 3180 877 3249 torquet.

102 3255 142 3310 At
155 3253 258 3327 gravis,
272 3261 304 3310 ut
317 3251 446 3309 sundo'
419 3271 470 3307 vix
484 3252 599 3308 tandem
614 3250 762 3308 redditus'
754 3270 814 3308 rmo
828 3260 881 3328 est,

101 3332 166 3390 Jam
181 3331 285 3404 senior,
300 3329 481 3421 madidique
489 3328 603 3385 fluens
595 3348 624 3385 ιιι
639 3336 730 3404 reste,
745 3329 902 3408 Menoetes,

104 3411 223 3468 Summa
236 3411 308 3487 petit
322 3407 481 3485 scopuli,
459 3408 620 3501 siccique
606 3407 636 3463 in
651 3426 723 3483 rupe
737 3409 852 3469 resedit.

104 3489 189 3546 Illum
204 3497 232 3546 et
246 3488 392 3547 labentem
407 3486 512 3544 Teucri
527 3495 555 3542 et
569 3483 656 3543 risere
670 3495 837 3563 natantem,

103 3567 144 3623 Et
158 3568 246 3624 salsos
260 3569 354 3625 rident
367 3585 502 3624 reromen
504 3573 562 3622 tem
576 3573 691 3640 pectore
705 3566 818 3626 flnctus.

103 3643 162 3701 Hie
176 3644 242 3700 laeta
256 3646 391 3703 extremis
406 3663 471 3720 spes
486 3651 529 3700 est
542 3662 664 3701 aceensa
677 3645 799 3722 duobus,

105 3723 238 3797 Sergesto
253 3723 469 3799 Mnestheique,
485 3722 567 3798 Gyan
583 3742 716 3801 superare
730 3733 901 3784 morantem.
