2400 4178
460 212 463 217 ’
511 212 635 272 ntuetr·
642 206 699 276 lt.

112 364 155 424 nt
170 364 279 424 circum
291 363 376 443 pictis
388 362 504 437 rebitur
517 383 570 424 sna
582 380 649 427 rnre
660 366 767 444 seselis,

113 443 241 520 Quique
253 443 424 520 pharetratae
437 444 545 502 vicinia
557 445 684 503 Persidis
698 454 790 522 urget,
887 477 893 488 ·
943 470 945 477 ·

113 520 160 581 Et·
167 522 290 581 viridem
303 521 465 599 AEgyptum
478 521 560 598 nigrai
574 522 722 582 foecnndat
734 524 831 601 erent,
846 556 852 571 ι

112 599 155 657 Et
168 600 281 658 diverse
293 616 380 658 ruens
394 608 505 676 septem
519 600 652 660 discurrit
663 601 694 660 in
708 620 758 662 ora

113 677 214 754 Usque
228 676 360 737 coloratis
374 677 466 736 amnis
480 678 610 737 devexus
624 679 659 737 ab
674 678 765 756 Indis,

110 754 217 814 Omnis
231 756 261 814 in
275 755 332 814 hale
347 764 455 814 certam
469 758 548 832 regio
557 757 629 835 jacit
642 765 702 816 arte
716 758 846 817 salutem

112 833 248 910 Exiguus
261 831 397 910 primdm,
409 842 497 912 atque
510 836 588 912 ipsos
601 844 766 906 contrectes
777 837 814 896 ed
827 853 908 914 usus,
928 855 930 860 ’

112 911 238 989 Eligitur
250 912 332 970 locus
345 931 351 968 r
373 912 452 970 hunc
466 914 636 990 angustique
648 913 768 973 imbrice
781 915 852 974 tecti

111 990 332 1067 Parietibusque
345 996 481 1067 premunt
493 991 596 1063 arctis;
618 1000 648 1050 et
661 1001 783 1068 quatuor
795 993 913 1069 addunt,

87 1097 96 1109 =
112 1068 247 1138 Quatnor
260 1086 278 1126 a
290 1069 384 1127 ventis
398 1068 516 1145 obliqui
528 1068 596 1127 lnce
609 1069 756 1128 fenestras.

111 1144 190 1203 Tum
203 1145 320 1221 vitulus,
333 1146 413 1204 bima
427 1164 549 1205 curvans
558 1149 619 1224 jem
633 1167 741 1206 cornua
753 1149 856 1226 fronte,

113 1222 278 1294 Quaeritrn:
300 1224 371 1282 hnic
385 1225 508 1299 geminae
523 1243 606 1283 nares
619 1233 649 1283 et
662 1226 778 1303 spiritus
792 1227 850 1286 oris

110 1299 208 1360 Multa
220 1302 372 1361 reluctanti
386 1302 523 1378 obsnitrn,
537 1303 685 1380 plagisque
695 1315 845 1382 perempto

111 1380 212 1438 Tnnsa
223 1399 276 1457 per
289 1381 430 1456 integram
444 1381 593 1439 solvuntur
603 1381 717 1439 viscera
728 1383 846 1459 pellem.

111 1459 161 1516 Sic
174 1460 301 1535 positum
315 1459 346 1517 in
360 1459 459 1517 clauso
472 1460 626 1537 linquunt3
648 1466 679 1519 et
687 1477 788 1518 remea
799 1461 888 1520 costis

109 1537 277 1616 Subjicinnt
289 1537 458 1614 fragmenta,
467 1538 616 1615 thymum,
628 1539 780 1616 casiasque
793 1548 934 1599 recentes.

110 1615 178 1673 Hoc
192 1616 308 1691 geritur,
322 1616 460 1693 zephyris
469 1613 594 1751 primum
608 1617 824 1694 impellentibus
836 1619 939 1696 undas,

109 1691 187 1752 Ante
202 1694 285 1752 novis
298 1694 420 1752 rubeant
432 1713 471 1771 qu
491 1714 520 1751 nr
534 1702 616 1772 prata
628 1695 781 1772 coloribus,
796 1695 863 1756 ante

111 1771 233 1830 Ganula
245 1768 332 1849 quim
345 1773 432 1847 tignis
445 1772 546 1830 nidum
561 1774 716 1849 suspendat
727 1773 860 1833 hirundo.
962 1792 970 1801 ·

111 1849 226 1908 interes
238 1851 344 1909 teneris
357 1849 518 1928 tepefactus
531 1850 561 1907 in
575 1850 688 1908 ossibus
701 1852 806 1909 humor

109 1928 246 2002 AEstnet3
267 1935 298 1987 et
309 1928 430 1987 visendo
443 1928 536 1987 modis
550 1929 686 1987 animalia
698 1929 786 2005 miris,

109 2006 229 2065 Trunca
240 2006 350 2084 pedum
363 2004 468 2084 primd,
483 2026 552 2066 mox
566 2015 595 2066 et
608 2008 757 2066 stridentia
768 2007 882 2086 pennis,

108 2080 282 2161 Miscentur,
296 2093 414 2144 tenuem
435 2103 472 2144 ue
486 2082 578 2162 magis
592 2083 685 2162 magis
701 2090 769 2145 abra
781 2095 922 2164 carpunt:
935 2119 936 2123 =

108 2164 223 2240 Donec,
236 2173 269 2223 ut
282 2164 389 2224 aestivis
403 2183 419 2222 e
463 2183 511 2223 sus
524 2165 650 2222 nubibus
664 2165 767 2241 imber,

108 2240 241 2320 Empire
252 2263 261 2317 3
282 2250 333 2302 eut
344 2251 378 2302 ut
390 2262 480 2302 nervo
492 2243 626 2323 pulsante
640 2245 759 2320 sagitte,

107 2321 207 2379 Prima
219 2322 299 2381 leves
312 2323 415 2381 ineunt
428 2323 453 2379 si
466 2322 582 2399 qnando
594 2322 699 2399 proelia
710 2322 819 2382 Parthi.

146 2399 224 2470 Quis
238 2400 309 2458 dens
322 2399 407 2476 hanc,
422 2401 530 2475 Musae,
545 2400 609 2478 quis
622 2398 706 2459 nobis
720 2400 833 2460 extudit
846 2405 959 2461 anem?

108 2474 197 2536 Unde
210 2497 286 2536 nove
297 2478 444 2553 ingressus
457 2478 803 2560 bominumqexperientia
817 2480 918 2557 cepit?

148 2554 249 2612 Pastor
262 2555 412 2630 Aristeus,
426 2554 540 2631 fugiens
554 2556 666 2614 Peneia
679 2557 803 2633 Tempe,

107 2632 242 2706 Amissis,
256 2639 289 2689 nt
301 2631 386 2707 seme,
401 2632 503 2706 apibus
515 2633 673 2709 morboque
687 2634 830 2712 fameque,

107 2709 213 2768 Tristis
226 2711 263 2769 ad
276 2709 399 2768 extremi
413 2727 526 2767 sacrum
541 2717 630 2787 caput
642 2711 750 2769 adstitit
763 2712 866 2786 amnis,

108 2788 205 2847 Multa
218 2807 352 2866 querens,
368 2795 454 2864 atque
467 2787 523 2845 bae
537 2786 640 2846 affatus
653 2806 727 2846 voce
739 2797 890 2867 parentem
903 2807 910 2845 :
1030 2795 1087 2851 820

107 2862 214 2943 Meter,
230 2868 345 2944 Cyrene
359 2874 458 2942 mater,
473 2884 538 2942 qne
552 2867 672 2942 gurgitis
685 2865 773 2944 hujus

108 2945 173 3005 lma
186 2954 277 3022 tenes,
293 2944 363 3022 qnid
376 2962 424 3003 me
458 2943 577 3002 rrecleri
591 2945 680 3021 stirpe
693 2945 813 3003 deornm

128 3024 160 3082 Si
174 3021 271 3100 modi,
285 3042 372 3102 quern
385 3041 438 3101 per
460 3023 531 3098 bes,
545 3029 627 3101 pater
639 3031 684 3082 est
695 3022 889 3100 Tbymbraens
903 3022 1025 3105 Apollo)

108 3102 237 3161 Invisum
250 3103 315 3162 setis
328 3101 474 3179 genuisti?
495 3109 545 3160 aut
558 3099 616 3178 qud
630 3101 682 3160 tibi
695 3101 785 3161 nostrl
808 3111 811 3116 '

106 3181 212 3263 Pulsus
226 3183 328 3240 amor?
349 3180 418 3276 quid
431 3198 479 3238 me
495 3180 602 3239 coelnm
616 3194 730 3259 sperare
739 3179 888 3260 jubebas?
949 3239 955 3244 .
1028 3186 1087 3241 325

107 3256 158 3319 En
170 3260 257 3318 etiem
269 3259 373 3318 hune-r
392 3277 457 3318 snm
469 3258 536 3317 vite
550 3259 677 3318 mortalis
690 3257 842 3335 honorem,

108 3337 206 3409 Quem
220 3337 292 3395 mihi
305 3337 356 3397 vix
368 3279 483 3413 lingum
497 3345 528 3397 et
538 3338 687 3415 pecudm
701 3337 833 3396 custodie
845 3337 936 3397 solers

106 3416 215 3475 Omnia
227 3416 348 3474 tentanti
362 3416 520 3491 extuderat,
534 3423 564 3474 te
578 3423 679 3492 matre,
692 3416 833 3494 relinquo.
916 3451 918 3456 -

107 3494 189 3566 Quin
203 3513 265 3570 age,
280 3503 309 3553 et
322 3494 386 3571 ipsc
397 3512 485 3553 menn
499 3493 599 3553 l'elices
613 3513 683 3553 erne
697 3494 792 3572 silvas,
961 3535 964 3539 ‹

105 3572 165 3632 Fer
177 3572 296 3631 stabulis
309 3568 461 3631 inimicum
475 3573 583 3650 ignem,
598 3581 684 3650 atque
697 3573 830 3631 interfice
843 3589 963 3647 messes,
1029 3574 1088 3632 380

106 3643 168 3712 tire
183 3658 253 3726 sate,
268 3657 298 3709 et
309 3650 436 3709 validam
448 3651 479 3709 in
491 3651 567 3711 vites
580 3653 681 3710 molire
694 3650 864 3728 bipennem,
973 3690 976 3695 -

102 3730 201 3789 Tanta
213 3728 327 3809 meesi
339 3736 369 3788 te
382 3737 521 3807 cepemt
532 3731 620 3789 tedia
631 3729 734 3788 laudis.
