2400 4178
504 160 620 218 naun
637 163 690 219 111.

95 274 241 363 ‘Littoreis
254 289 357 380 ingens
370 305 491 366 inventa
501 307 555 367 sub
568 308 684 366 ilicibus
696 326 755 384 sus,

106 382 239 458 Triginta
251 383 378 460 copinam
390 383 476 443 loetus
488 385 585 461 enixa,
596 386 715 463 jacebit,

106 460 192 536 Alba,
207 461 272 521 solo
281 461 431 537 recubans,
445 462 503 521 albi
516 464 625 521 circum
638 463 728 521 ubera
740 464 819 536 nati3

107 539 137 597 Is
151 539 231 597 locus
244 539 323 598 urbis
336 540 408 613 erit,
429 541 543 618 requies
558 561 592 599 ea
605 549 683 599 certa
695 541 838 602 laborum.

107 617 173 675 Nec
187 625 218 674 tn
232 636 400 678 mensarum
409 638 519 678 morsus
533 619 667 678 horresce
680 619 790 678 futuros
803 639 810 677 :

108 695 180 752 Fata
192 696 270 753 viam
283 696 442 771 invenient,
457 697 603 774 aderitque
617 705 736 756 vocatus
748 697 863 776 Apollo.

107 773 170 831 Has
185 782 281 832 autem
295 782 393 849 terras,
409 775 532 852 [talique
544 775 619 833 hanc
633 775 735 834 littoris
748 795 827 834 oram

107 851 244 910 Proxima
256 870 321 927 quae
329 852 425 913 nostri
432 853 615 929 :perfunditur
628 854 751 929 aequoris
764 862 846 930 estu,

108 929 215 1006 Effuge
226 949 234 1002 ;
257 938 361 1002 cuncta
375 929 459 987 malis
470 929 635 988 habitantur
647 931 755 990 moeuia
768 932 872 991 Graiis
893 989 895 993 ,

108 1006 168 1065 Hic
182 1016 211 1064 et
224 1008 345 1082 Narycii
357 1016 515 1083 posuerunt
528 1008 636 1065 moenia
648 1009 743 1085 Locri,

109 1085 150 1143 Et
164 1084 338 1142 Sallentinos
351 1084 467 1144 obsedit
477 1085 568 1144 milite
581 1105 698 1162 campos

109 1162 228 1238 Lyctius
244 1163 438 1220 idomeneus:
458 1161 508 1220 hic
521 1163 573 1234 illa
585 1165 666 1222 ducis
679 1162 814 1223 Meliboei

110 1241 203 1298 Parva
216 1239 388 1300 Philoctete
403 1239 528 1313 subnixa
537 1241 643 1298 Petilia
656 1261 746 1300 muro.

110 1318 199 1392 Quin,
215 1318 263 1375 ubi
273 1318 450 1390 ⁴transmissae
464 1318 594 1377 steterint
607 1326 684 1376 trans
698 1338 812 1397 equora
825 1316 940 1396 classes,

109 1398 150 1455 Et
162 1397 262 1475 positis
276 1397 333 1457 aris
340 1398 403 1474 jam
416 1403 484 1455 vota
496 1396 527 1454 in
541 1396 635 1455 littore
649 1397 762 1470 solves;

108 1476 258 1552 Purpureo
272 1473 368 1533 velare
382 1494 479 1534 eomas
494 1475 785 1552 adopertusamictu3

108 1555 140 1612 N
141 1574 157 1612 e
172 1572 229 1630 qua
241 1554 316 1624 inter
328 1561 442 1613 sanctos
455 1553 540 1628 ignes
551 1554 581 1612 in
595 1553 705 1612 honore
720 1554 839 1614 deorum

110 1631 232 1689 Hostilis
245 1631 334 1688 facies
348 1638 487 1704 occurrat,
500 1640 531 1690 et
543 1632 642 1704 omina
653 1631 757 1692 turbet

110 1710 199 1766 Hunc
213 1709 284 1767 socii
297 1727 409 1769 morem
422 1726 577 1785 sacrorum,
591 1709 669 1768 hunc
682 1711 745 1786 ipse
758 1718 856 1773 teneto
867 1731 876 1785 ;

110 1788 177 1844 Hsc
191 1787 261 1845 casti
274 1794 410 1847 maneant
422 1787 453 1845 in
467 1785 616 1862 relligione
629 1795 759 1864 nepotes.

109 1867 172 1940 Ast,
187 1865 237 1922 ubi
251 1864 411 1940 digressum
426 1863 531 1924 Siculae
546 1872 575 1923 te
589 1864 747 1923 admoverit
759 1884 818 1923 orae

110 1944 232 2018 Ventus,
248 1952 277 2002 et
291 1943 403 2019 angusti
416 1951 561 2002 rarescent
573 1942 698 2001 claustra
709 1942 817 2019 Pelori,

109 2024 199 2080 Laeva
213 2020 264 2080 tibi
278 2021 373 2098 tellus,
388 2030 418 2080 et
430 2021 518 2096 longo
532 2021 606 2080 hera
618 2024 754 2099 petantur

108 2102 239 2177 AEquora
252 2100 373 2161 circuitu
386 2121 393 2157 τ
415 2101 549 2159 dextrum
560 2100 629 2176 suge
642 2100 732 2175 littus,
747 2107 777 2158 et
789 2101 891 2159 undas.

109 2180 182 2238 Haec
195 2180 268 2255 loca,
283 2178 313 2237 vi
326 2180 470 2256 quondam
484 2187 513 2239 et
526 2181 606 2239 rastri
620 2179 758 2238 convulsa
770 2178 863 2256 ruint,

109 2256 236 2317 Tantum
251 2257 307 2319 ari
320 2257 477 2335 longinqua
489 2258 566 2317 valet
579 2265 689 2317 mutare
702 2259 848 2317 vetustas!
958 2326 961 2333 ²

109 2337 278 2396 Dissiluisse
290 2336 395 2413 ferunt,
409 2356 500 2412 quum
514 2345 651 2415 protenus
664 2343 784 2412 utraque
797 2335 883 2396 tellus

109 2415 178 2473 Una
190 2414 281 2472 foret:
302 2415 383 2471 venit
396 2415 492 2472 medio
505 2415 536 2472 vi
547 2426 663 2490 pontus,
678 2420 708 2471 et
719 2414 808 2472 undis

111 2491 288 2567 Hesperium
301 2491 400 2550 Siculo
413 2492 488 2549 latus
502 2491 633 2566 abscidit,
648 2509 773 2568 arvaque
786 2499 817 2550 et
829 2487 915 2550 urbes

111 2570 220 2626 Littore
233 2568 365 2626 diductas
379 2574 500 2639 angrrsto
512 2568 642 2625 interluit
654 2576 735 2626 aestu.

111 2648 254 2703 Dextrum
271 2643 368 2720 Scylla
380 2644 465 2718 latus,
478 2642 584 2700 laevum
598 2644 751 2719 implacata
764 2642 936 2721 Charybdis,

112 2724 243 2797 obsidet,
259 2732 343 2798 atque
357 2723 415 2779 imo
429 2720 554 2779 barathri
567 2729 611 2779 ter
624 2721 735 2796 gurgite
747 2728 844 2780 vastos

113 2802 217 2860 Sorbet
229 2802 259 2859 in
274 2800 426 2877 abruptum
438 2799 552 2875 fluctus,
567 2807 721 2876 rursusque
735 2799 790 2857 sub
804 2818 886 2859 ouras

112 2880 207 2955 Erigit
221 2880 353 2953 alternos,
369 2886 399 2936 et
411 2877 507 2937 sidera
518 2877 652 2937 verberat
664 2878 752 2936 unda.

112 2962 151 3017 At
166 2957 291 3035 Scyllam
305 2955 391 3019 caecis
404 2955 522 3015 ochibet
534 2956 674 3033 spelunca
686 2954 812 3031 latebris,

112 3037 171 3095 Ora
184 3043 386 3110 exsertantem,
401 3044 431 3094 et
443 3054 532 3095 naves
546 3035 576 3092 in
591 3053 660 3093 saxa
673 3034 843 3092 trahentem.
864 3085 866 3090 ,

112 3115 209 3176 Prima
221 3113 346 3172 bominis
359 3113 458 3187 facies,
473 3121 503 3171 et
514 3113 635 3191 pulchro
648 3119 765 3189 pectore
779 3113 859 3188 virgo

112 3193 195 3251 Pube
208 3200 293 3250 tenus
304 3211 313 3264 ;
332 3199 477 3269 postrema
490 3191 611 3250 immani
624 3208 743 3268 corpore
755 3191 861 3268 pristis,

112 3269 293 3346 Delphindm
307 3270 413 3328 caudas
426 3277 508 3328 utero
522 3269 676 3329 commissa
688 3269 832 3346 luporum.

112 3348 235 3406 Praestat
246 3347 390 3405 Trinacrii
402 3355 494 3407 metus
506 3348 626 3407 lmtrare
640 3345 772 3424 Pachyni

113 3427 294 3500 cessantem,
307 3423 410 3500 longos
424 3424 690 3502 etp—circumflectere
704 3442 815 3498 cursus,

113 3501 213 3578 Quam
226 3501 316 3562 semel
330 3502 481 3567 intormem
494 3513 577 3564 vasto
587 3503 696 3564 vidisse
710 3501 765 3561 sub
779 3507 860 3559 antm

114 3582 252 3661 Scyllam,
267 3590 297 3642 et
310 3580 442 3641 caeruleis
456 3583 576 3642 canibus
589 3581 754 3642 resonantia
766 3596 844 3636 saxa.

112 3661 268 3737 Praeterea,
281 3659 307 3718 si
319 3679 377 3772 pua
390 3669 435 3720 est
447 3660 564 3720 Heleno
577 3660 739 3740 prudentia,
753 3657 813 3717 vati
