2400 4178
104 198 161 257 Μ
511 192 695 253 bumbos

103 348 200 406 Tanti
214 346 290 405 mole
303 346 357 404 tiri
370 345 476 404 turritis
489 342 636 423 pupplbua
648 344 765 403 tusam

25 446 28 451 ·
106 428 238 503 Stuppea
250 426 366 483 llamma
378 443 476 497 mauu,
491 422 614 499 telisque
628 421 745 481 volatile
758 422 866 482 serrum

104 506 269 582 Spargitur:
292 522 359 560 arva
372 503 448 559 novi
459 502 610 578 Neptunia
623 502 704 559 caede
717 501 883 561 rubescunt.

104 582 222 657 Regina
234 584 264 639 iu
279 581 381 639 mediis
394 582 486 657 patrio
501 588 584 638 vocat
597 580 712 655 agmins
725 581 826 654 aistr03

104 662 240 721 Necdum
256 660 341 717 etiam
356 660 487 735 geminos
501 678 518 716 a
531 668 610 734 tergo
624 658 741 793 respicit
754 677 873 735 angues.

105 738 358 813 Omnigenirmque
372 738 460 795 deirm
470 746 609 812 monstra,
624 745 654 794 et
678 746 782 796 strator
793 738 918 815 Anubis,

104 818 212 875 Contra
225 818 394 892 Neptunum
409 826 439 873 et
452 816 609 890 Venerem,
622 824 778 892 contraque
791 816 971 897 Minervam,

104 894 178 951 Tela
191 904 306 953 teuent:
329 895 410 951 sarrit
423 894 519 951 medio
533 894 563 951 in
577 895 734 952 certamine
748 894 869 955 Mavors

104 973 231 1030 caelatus
245 974 328 1047 serro,
343 974 495 1049 tristesque
509 992 547 1029 ex
560 972 668 1031 aethere
680 973 779 1047 Dirm3

103 1050 144 1109 Et
158 1052 246 1109 scissi
261 1053 389 1127 gaudens
402 1051 481 1108 vadit
494 1050 647 1108 Discordia
656 1050 755 1185 palli,

105 1128 201 1199 Quam
216 1150 282 1187 cum
297 1130 456 1204 sanguineo
470 1129 598 1203 sequitur
611 1129 655 1186 Be
678 1148 734 1187 ona
746 1128 871 1205 flagello.

104 1208 205 1265 Actius
220 1208 282 1265 haec
296 1226 417 1266 cernens
432 1226 529 1265 arcum
545 1206 713 1266 intendebat
726 1208 833 1285 Apollo

104 1286 257 1363 Desuper:
280 1286 374 1344 omnis
389 1305 424 1343 eo
438 1294 543 1343 terrore
558 1286 715 1362 AEgyptus,
730 1296 760 1343 et
774 1286 852 1362 Indi,
945 1292 948 1297 '

105 1364 207 1423 Omnis
221 1364 323 1439 Arabs,
338 1382 440 1422 omnes
453 1363 602 1423 vertebant
615 1373 694 1440 terga
709 1364 814 1422 Sabaei

105 1442 172 1519 lpsa
186 1442 335 1501 ridebatur
347 1442 441 1500 ventis
455 1442 553 1517 regina
566 1442 674 1500 vocatis
739 1480 751 1489 -

104 1520 180 1578 Vela
194 1523 270 1595 dare,
286 1530 314 1579 et
328 1521 408 1577 laxos
418 1522 479 1597 jarn
489 1523 608 1597 jamque
621 1520 775 1578 immittere
789 1520 883 1581 funes

105 1599 188 1656 Illam
203 1600 395 1672 intercades,
409 1599 566 1673 pallentem
580 1606 671 1656 morte
685 1599 790 1675 sutura

105 1677 229 1734 Fecerat
242 1678 405 1753 ignipotens
418 1676 503 1734 undis
516 1685 546 1734 et
560 1676 667 1752 Iapyge
681 1675 762 1736 ferri:

105 1753 213 1813 Contri
228 1766 324 1813 autem
338 1775 442 1829 magno
456 1764 624 1813 mmrentem
638 1775 756 1833 corpore
770 1754 886 1832 Nilum,

104 1832 342 1910 Pandentemque
356 1834 445 1908 sinus,
460 1843 489 1891 et
502 1834 562 1892 tota
575 1842 656 1892 veste
670 1841 822 1892 vocantem

105 1912 268 1969 Caeruleum
284 1914 312 1971 in
328 1914 469 1987 gremium
484 1912 684 1988 latebrosaque
693 1911 814 1969 flumina
826 1912 931 1973 victos.

104 1992 144 2047 At
158 1991 265 2065 Caesar,
281 1990 383 2067 triplici
398 1991 530 2048 irn'ectus
544 1991 678 2048 Romana
692 1990 837 2066 triumpho

104 2069 226 2143 Moenia,
242 2069 286 2127 dis
300 2069 380 2127 Italis
393 2078 492 2127 votum
507 2068 666 2126 immortale
680 2067 819 2143 sacrabat,

105 2147 237 2204 Illaxima
250 2157 292 2204 ter
305 2157 421 2204 centnm
436 2156 524 2204 totam
538 2144 657 2202 delubra
668 2164 721 2221 per
733 2145 846 2205 urbem.
904 2142 908 2147 ⁵

104 2226 219 2283 Laetitid
234 2226 366 2300 ludisque
381 2225 435 2281 riae
448 2224 609 2300 plausuque
622 2223 799 2282 fremebant:

105 2302 247 2360 Omnibus
261 2304 289 2359 in
305 2303 419 2378 templis
434 2309 554 2358 matrum
569 2302 683 2376 chorus,
697 2303 831 2362 omnibus
843 2322 922 2363 anet

65 2380 68 2385 ’
104 2383 181 2438 Ante
195 2400 257 2438 aras
270 2389 373 2439 terram
387 2382 455 2438 caesi
469 2378 594 2438 stravere
604 2381 734 2458 juvenci.

106 2459 182 2535 lpse,
197 2461 301 2517 sedens
316 2460 401 2518 niveo
415 2459 566 2518 candentis
580 2460 680 2517 limine
694 2458 808 2535 Phoebi,

104 2538 192 2595 Dona
205 2540 385 2617 recognoscit
399 2538 580 2615 populorum,
596 2546 730 2616 aptatque
741 2537 873 2616 superbis

104 2616 257 2675 Postibus:
280 2618 418 2676 incedunt
431 2618 515 2676 rictae
528 2618 615 2693 longo
629 2618 730 2676 ordine
743 2624 855 2692 gentes,

106 2695 203 2766 Qndrn
217 2697 303 2754 variae
317 2697 432 2774 linguis,
444 2697 545 2756 habitu
559 2706 618 2756 tam
630 2697 719 2756 vestis
733 2704 762 2754 et
775 2696 870 2753 armis.
974 2696 978 2703 '

105 2773 164 2832 Hic
178 2775 347 2834 Nomadum
362 2797 454 2854 genus
468 2786 498 2834 et
512 2777 668 2835 discinctos
681 2774 828 2845 Mulciber
840 2773 939 2851 Afros,

105 2852 164 2910 Hic
179 2855 311 2930 Lelegas,
327 2856 483 2933 Carasque,
497 2854 726 2931 sagittiferosque
740 2853 879 2929 Gelonos,

106 2932 254 2989 Fluxerat.
298 2933 463 3009 Euphrates
477 2931 536 2990 ibat
546 2935 607 3009 jam
622 2933 734 2992 mollior
746 2931 842 3007 undis,

105 3009 295 3086 Extremique
308 3010 459 3069 hominum
473 3010 591 3084 Morini,
606 3010 788 3088 Rhenusque
800 3009 938 3087 bicornis,

106 3087 300 3163 Indomitique
314 3087 418 3163 Dahae,
433 3095 463 3145 et
475 3096 594 3163 pontem
608 3089 771 3165 indignatus
785 3090 907 3155 Araxes.

105 3165 190 3222 Talia
202 3185 254 3242 per
267 3166 401 3242 clypeum
416 3165 551 3238 Vulcani,
566 3167 642 3224 dona
654 3168 789 3243 parentis,
841 3188 844 3192 ·

105 3243 237 3319 Miratur,
251 3263 403 3320 rerumque
418 3244 532 3318 ignarus
545 3244 670 3318 imagine
683 3246 798 3321 gaudet,

105 3321 248 3381 Attollens
262 3323 382 3381 humero
395 3323 559 3397 famamque
574 3330 603 3380 et
616 3322 672 3379 sata
686 3333 835 3400 nepotum.
