2400 4178
488 74 495 113 l

103 202 158 259 m
497 196 676 253 AENEIDOS

104 350 202 409 Prima
214 348 305 426 petit:
326 366 383 405 non
398 345 446 403 illa
459 344 561 421 viritm,
576 366 633 404 non
647 344 696 404 illa
707 344 810 422 pericli

105 429 300 505 Telorumque
313 445 441 498 memor;
462 424 565 482 eoelum
580 425 685 483 delriuc
698 424 846 502 questibus
857 424 985 503 implet:
1029 434 1092 489 48⁰

105 508 196 565 Hunc
209 527 263 583 ego
276 515 314 579 te,
329 504 464 580 Euryale,
479 504 629 579 adspicio?
650 512 719 562 turm
733 504 791 579 ille,
805 512 932 565 senem

106 588 177 644 Sera
189 605 261 643 meae
275 583 407 661 requies?
466 582 543 640 tuisti
558 582 687 657 linquere
699 582 799 657 solam,

105 665 258 723 Crudelis?
279 682 332 721 nec
348 671 385 737 te,
399 681 433 719 su
465 670 543 719 tanta
555 661 682 737 pericula
694 662 821 737 missum,

104 744 194 801 Affari
207 738 368 801 extremum
383 741 493 798 misere
508 740 573 797 data
586 740 669 816 copis
682 741 786 800 mutii?

105 822 191 879 Ilcu!
213 821 286 878 terrai
300 822 406 896 ignota,
420 818 539 876 canibus
552 819 617 876 dete
631 819 727 895 preda
740 818 850 878 Latinis
872 814 919 883 κ’.
993 878 996 883 ,
1029 828 1091 883 485

105 899 294 976 Alitibusqne,
304 901 403 977 jaces!
425 916 480 955 nec
495 906 533 973 te,
547 906 596 955 tua
609 897 719 972 lunera,
734 906 823 955 mater

103 978 241 1052 Produxi,
256 979 383 1055 pressive
397 976 505 1049 oculos,
520 985 568 1035 aut
580 976 699 1034 vulnera
711 976 778 1051 lavi,

105 1058 195 1115 Veste
209 1067 318 1131 tegens,
334 1056 384 1114 tibi
398 1075 484 1131 quam
497 1066 596 1113 noctes
608 1055 713 1113 festina
725 1056 843 1133 diesque

105 1136 133 1195 U
136 1136 260 1211 sacham,
275 1147 303 1195 et
317 1136 374 1193 teli
388 1154 469 1192 curas
483 1134 594 1193 solabar
607 1134 715 1191 aniles!

105 1213 173 1285 Qud
188 1236 298 1291 sequar,
313 1223 361 1272 aut
374 1234 439 1289 quse
453 1232 530 1271 nune
544 1222 628 1288 artus,
642 1222 796 1291 avulsaque
809 1212 951 1291 membra,
1031 1223 1092 1277 490

109 1296 145 1351 lit
157 1294 241 1351 sunus
256 1296 389 1367 lacerum,
404 1292 488 1350 tellus
502 1292 610 1350 hebet?
651 1292 716 1350 Hoc
730 1292 802 1350 mibi
815 1293 852 1351 de
865 1300 907 1369 te,

104 1374 191 1447 Nate,
207 1374 314 1431 refers?
334 1374 390 1430 lroc
406 1391 469 1429 sum
484 1372 613 1448 ternique
627 1372 754 1446 mumque
768 1374 888 1431 secuta?

105 1453 198 1525 Figite
213 1473 268 1527 mc,
283 1453 307 1509 si
321 1471 376 1528 qua
389 1460 432 1509 est
444 1450 553 1526 pictas3
575 1453 604 1507 iu
619 1468 666 1507 me
679 1451 774 1507 omnia
786 1450 845 1509 tela

105 1531 256 1607 Conjicite,
271 1551 288 1587 o
302 1529 422 1603 Rutuli;
444 1548 490 1586 me
503 1530 624 1605 primam
638 1528 779 1587 absumite
791 1529 874 1587 serre.

105 1612 162 1666 Aut
176 1620 217 1683 tu,
232 1628 333 1685 magne
347 1618 427 1686 pater
440 1606 548 1682 divim,
562 1608 706 1683 miserere,
720 1616 828 1684 tuoque

106 1688 233 1745 Invisum
248 1689 302 1745 lroc
318 1688 436 1745 detrude
451 1697 536 1764 eaput
551 1686 603 1744 sub
617 1688 737 1747 Tartaru
749 1688 816 1761 telo,

106 1768 229 1839 Quando
245 1768 325 1825 aliter
339 1786 450 1844 nequeo
465 1767 609 1824 crudelem
624 1767 790 1844 abrumpere
803 1767 903 1825 vitam.

144 1848 208 1905 Hoc
223 1846 291 1904 lletu
306 1846 438 1905 concussi
452 1847 550 1921 arrimi,
564 1857 740 1922 moestusque
753 1865 804 1922 per
816 1865 922 1905 omues

106 1926 132 1984 lt
146 1928 286 2001 gemitus:
309 1935 421 2002 torpent
434 1925 560 1984 insraetse
575 1925 609 1982 ad
623 1926 725 2003 proelia
736 1925 820 1983 vires.

105 2005 187 2063 Illam
202 2005 403 2064 incendentem
417 2006 511 2063 luctus
526 2002 622 2062 Idmus
636 2014 665 2063 et
677 2007 774 2080 Actor,

105 2084 207 2143 Ilionei
222 2085 341 2159 monitu,
357 2094 386 2141 et
399 2080 520 2141 multirm
536 2083 717 2158 lacrymantis
731 2083 797 2158 lilli,

105 2164 278 2239 Corripiunt,
293 2163 422 2237 interque
435 2180 535 2219 manus
549 2161 601 2218 sub
616 2171 691 2243 tecta
703 2170 854 2238 reponunt.

142 2244 182 2298 At
195 2241 263 2299 tuba
276 2240 430 2299 terribilem
443 2239 566 2298 sonitum
581 2241 681 2316 procul
696 2260 870 2299 aare-canoro

105 2320 269 2397 lncrepuit:
291 2320 419 2395 sequitur
432 2318 546 2393 elamor,
560 2319 722 2396 eoelumque
735 2321 866 2397 remugit.

103 2400 282 2474 Accelerant,
298 2399 360 2456 acti
373 2398 477 2475 pariter
489 2398 641 2473 testudine,
656 2399 766 2474 Volsci,

105 2478 145 2535 Et
158 2478 246 2536 fossas
260 2478 378 2555 implere
391 2486 500 2555 parant,
515 2496 548 2535 ae
561 2478 667 2535 vellere
681 2478 796 2537 vallum.

105 2557 246 2627 Quaerunt
258 2577 322 2635 pars
337 2556 453 2631 aditum,
469 2566 498 2616 et
511 2557 594 2615 scalis
608 2558 763 2616 ascendere
776 2576 885 2633 muros,

105 2637 171 2707 Quis
185 2657 247 2695 rara
261 2645 304 2694 est
317 2637 402 2713 acies,
417 2637 624 2714 interlucetque
637 2656 742 2695 corona
824 2644 828 2650 '

103 2717 134 2775 N
136 2737 173 2774 on
187 2727 245 2775 tam
260 2717 350 2794 spissa
363 2717 440 2775 viris.
482 2717 618 2775 Telorum
633 2716 781 2776 effundere
794 2713 894 2775 contri

105 2796 200 2855 Omne
215 2815 305 2873 genus
319 2796 434 2871 Teucri,
449 2815 482 2855 oe
496 2797 574 2854 duris
588 2796 737 2856 detrudere
751 2795 853 2870 contis,
1030 2804 1095 2861 510

104 2877 220 2934 Assueti
232 2876 318 2950 longo
332 2895 428 2932 muros
442 2875 595 2933 defendere
609 2876 693 2935 bello.

106 2954 182 3011 Saxa
195 2973 309 3030 quoque
324 2953 426 3011 infesto
439 2954 594 3012 volvebant
605 2956 742 3032 pondere,
755 2954 780 3012 si
793 2952 851 3031 qui
885 3004 889 3011 .

104 3032 227 3091 Possent
239 3040 344 3090 tectam
359 3032 449 3089 eciem
462 3051 645 3111 perrumpere
657 3055 664 3108 ;
687 3053 776 3111 quum
790 3043 887 3093 tamen
900 3052 1011 3097 omnes

104 3111 193 3169 Ferre
202 3113 286 3188 juvat
298 3110 395 3168 subter
408 3110 498 3168 densi
510 3114 653 3171 testudine
667 3133 758 3172 casus

104 3188 135 3247 N
137 3208 170 3247 ee
180 3191 241 3267 jsm
255 3184 417 3261 sufficiunt}
439 3207 515 3264 nam,
530 3192 586 3266 qud
599 3191 700 3265 globus
714 3192 846 3251 imminet
857 3190 977 3273 ingens,
1030 3202 1094 3259 61³

105 3268 265 3327 Immunem
279 3267 384 3326 Teucri
398 3267 503 3325 molem
516 3270 691 3344 volvuntque
704 3279 788 3330 ruunt
808 3289 856 3347 ue,

106 3347 181 3419 Quae
194 3347 292 3406 stravit
305 3345 427 3405 Rutulos
441 3343 508 3422 late,
523 3366 721 3424 armorumque
735 3292 852 3410 resolvit

105 3426 265 3503 Tegmina:
287 3445 341 3485 nec
355 3433 455 3484 curant
468 3446 545 3484 caeeo
559 3429 732 3487 contendere
746 3430 842 3489 Morte

104 3502 238 3583 Amplius
253 3508 375 3564 audaces
388 3505 508 3579 Rutuli3
530 3505 580 3563 sed
593 3506 703 3583 pellere
717 3508 792 3567 vallo

105 3583 266 3643 Missilibus
279 3592 395 3644 certant.
1032 3598 1097 3655 52⁰

105 3661 190 3721 Parte
205 3664 260 3732 stit
272 3663 430 3722 horrendus
443 3663 506 3721 visu
520 3663 671 3739 quassabat
684 3666 838 3725 Etnrscam

106 3739 220 3818 Pinum,
236 3751 266 3801 et
277 3742 423 3801 umiferos
436 3740 521 3800 Infert
534 3742 700 3804 Mezentius
711 3744 803 3821 ignes.
