2400 4178
123 208 176 263 196
518 204 703 261 AENEIDOS

122 357 298 415 Dsrdsnism
313 350 410 415 Siculo
423 357 573 448 prospexit
586 356 622 414 sb
636 376 727 432 usque
740 355 887 433 Pachyno.

122 436 243 495 Moliri
231 456 291 515 Jum
307 445 383 494 tectu
394 435 506 508 videt,
494 454 569 526 Jum·
571 436 659 492 fidere
673 446 765 509 terne,

122 516 292 574 Deseruisse
307 525 398 572 rates:
420 515 499 571 stetit
512 533 571 570 ocri
563 514 644 571 fixo
658 514 763 572 dolore.
804 562 812 577 .

122 594 211 670 Tum,
223 613 359 687 quassans
373 601 468 668 cuput,
483 592 546 650 haec
561 593 683 651 effundit
695 604 811 685 pectore
824 593 921 653 dictu:
989 619 997 638 ·

122 673 190 731 Heu
204 675 320 750 stirpem
335 672 475 729 invisum!
498 682 527 728 et
539 671 604 729 lotis
618 673 758 730 contrario
771 673 873 731 nostris

121 752 193 810 Feta
207 752 370 828 Phrygum
364 753 370 787 ¹
393 770 462 808 num
478 751 571 841 Sigeis
585 751 756 809 occumbere
770 752 890 845 campis,

121 830 201 889 Num
215 832 290 908 copti
303 829 422 908 potuere
437 830 524 906 copi?
547 849 615 887 num
630 831 749 888 incenso
762 832 898 890 cremavit

121 910 248 1003 Trojo
221 931 314 967 vrros.
310 912 320 945 ³
341 910 451 966 medias
464 909 542 966 scies
555 909 723 985 mediosque
738 929 788 987 per
801 911 882 985 ignes

121 987 263 1046 Invenere
277 990 362 1047 vium
404 989 452 1063 At,
467 989 562 1064 credo,
577 1008 643 1046 meu
655 989 773 1061 numina
786 990 902 1048 tandem

120 1068 233 1126 Fesss'
221 1079 330 1146 Jocent,
345 1069 418 1126 odiis
433 1076 481 1126 sut
494 1077 657 1126 exsaturata
670 1068 775 1145 quiesi.

122 1147 201 1218 Quin
216 1149 301 1205 etism
316 1148 407 1225 patriti
421 1166 558 1205 excussos
571 1147 674 1205 infesto
687 1166 738 1225 per
752 1148 843 1206 undas

120 1228 200 1284 Auso
212 1228 303 1303 sequi,
318 1237 347 1284 et
359 1225 485 1302 profugis
499 1234 558 1284 toto
572 1246 619 1283 me
634 1245 779 1304 opponere
793 1234 894 1304 ponto
1047 1234 1110 1289 ³00

120 1305 309 1384 Absumptae
302 1325 331 1362 ιιι
346 1306 515 1363 Teucros
488 1325 563 1363 vires
577 1306 700 1382 coelique
714 1307 865 1381 murisque.

122 1385 200 1456 Quid
216 1387 322 1461 Sthes,
337 1395 385 1442 uut
400 1385 496 1461 Schlo
509 1385 589 1460 mihi,
604 1386 672 1460 quid
685 1396 765 1443 vesto
778 1385 941 1462 Charybdis

120 1463 250 1521 Profuit?
272 1474 368 1540 optato
382 1466 544 1522 conduntur
558 1463 693 1540 Tybridis
708 1464 799 1540 alveo,

121 1543 221 1600 Securi
235 1543 338 1621 pelagi,
354 1552 438 1618 atque
453 1544 518 1599 mei.
561 1544 642 1599 Mars
655 1544 776 1618 perdere
791 1552 907 1619 gentem

121 1622 281 1679 Immunem
296 1622 451 1697 Lopithirm
464 1621 571 1678 voluit:
594 1623 736 1680 concessit
750 1624 850 1681 inires
1046 1631 1111 1686 ³05

121 1701 186 1776 lpse
201 1702 287 1758 deirm
302 1701 446 1776 antiquam
461 1701 572 1776 genitor
586 1701 736 1777 Calydone
749 1703 863 1759 Disnae.

121 1781 208 1852 Quod
223 1782 317 1838 scelus
332 1790 380 1838 aut
395 1781 530 1857 Lapithos
545 1789 665 1855 tontum,
681 1794 729 1839 aut
743 1782 892 1858 Culydono
905 1791 1073 1843 merentem
1085 1786 1106 1851 i,

119 1861 173 1917 Ast
186 1879 249 1934 ego,
265 1880 368 1933 magno
379 1860 397 1917 J
399 1861 460 1917 ovis
474 1863 592 1938 conjux,
607 1860 648 1918 nil
662 1860 791 1937 linquere
805 1860 938 1918 inausum

120 1939 193 2010 Qurc
207 1940 288 2014 potui
303 1939 412 2015 infelix,
427 1960 490 2016 quae
505 1949 612 2001 memet
625 1940 655 1996 in
671 1940 767 1998 omniu
780 1940 861 2015 verti,

119 2017 228 2075 Vincor
242 2018 277 2075 ab
290 2019 396 2076 AEueis.
440 2016 528 2090 Qudd
542 2019 566 2075 si
581 2038 645 2076 meo
658 2020 776 2076 numine
789 2038 847 2076 non
862 2027 928 2077 sunt
1047 2025 1109 2081 310

119 2098 228 2173 Magno
242 2094 319 2172 satis,
334 2096 462 2155 dubitem
477 2098 553 2155 houd
568 2098 701 2173 equidem
715 2098 865 2175 implorare
879 2099 957 2176 quod

197 2196 230 2233 us
251 2195 316 2233 uam
330 2184 380 2234 est.

118 2196 249 2312 Flecterli
264 2256 288 2312 si
302 2273 414 2330 nequeo
430 2254 565 2330 Superos,
580 2254 746 2312 Acheronta
759 2255 894 2313 movebo.

118 2333 186 2391 Non
202 2333 314 2391 dubitur
327 2332 421 2409 regnis
440 2331 531 2410 (esto)
548 2332 699 2409 prohibere
714 2334 834 2410 Latinis,

118 2416 213 2488 Atque
226 2413 344 2470 immoto
357 2421 454 2470 monet
467 2412 532 2470 sutis
547 2413 668 2469 Lavinio
682 2416 807 2491 conjux:

118 2497 157 2549 At
171 2491 291 2566 trahere,
307 2498 391 2567 atque
406 2511 499 2548 morus
514 2492 598 2549 tontis
613 2491 682 2548 licet
696 2492 799 2550 addere
813 2492 918 2565 rebus3
1045 2500 1110 2558 315

118 2572 158 2628 At
170 2570 238 2627 licet
252 2571 398 2628 amborum
412 2571 535 2648 populos
549 2571 717 2628 exscindere
732 2591 839 2647 regum.

119 2650 185 2707 Huic
198 2669 286 2726 gener
300 2659 384 2726 atque
398 2669 479 2707 socer
492 2653 595 2707 coeant
609 2652 741 2708 mercede
756 2671 880 2709 suorum.

120 2729 265 2804 Sanguine
280 2729 405 2806 Trojano
420 2738 449 2787 et
462 2729 572 2787 Rutulo
587 2730 774 2805 dotsbere‚
746 2751 845 2807 vrrg03

118 2808 159 2866 Et
172 2808 295 2866 Bellone
308 2818 405 2867 monet
419 2816 447 2867 te
460 2809 596 2899 pronubo
638 2809 669 2865 N
670 2829 704 2866 ec
719 2810 780 2867 loce
795 2807 906 2868 tantum

118 2887 226 2945 Cisseis
240 2907 388 2963 pregnans
402 2888 483 2961 ignes
498 2888 584 2943 enixo
594 2887 727 2963 jugules3
1042 2896 1109 2953 ³20

119 2966 197 3036 Quin
213 2966 289 3023 idem
305 2966 413 3023 Veneri
427 2974 522 3040 portus
536 2984 613 3039 suno,
629 2973 658 3021 et
671 2965 752 3023 Poris
767 2968 846 3042 alter,

117 3044 310 3118 Funestaeque
324 3045 426 3100 iterum
442 3043 587 3099 recidivo
579 3063 608 3099 ru
624 3043 764 3117 Pergamo
778 3047 872 3103 taedae.

157 3122 230 3178 Haec
244 3122 293 3179 ubi
308 3122 383 3179 dicto
397 3121 484 3194 dedit,
500 3130 586 3178 terras
600 3121 741 3179 horrenda
754 3126 865 3200 petivit

117 3201 286 3258 Luctificsm
301 3199 413 3258 Allecto
427 3200 550 3257 dirorum
565 3200 601 3257 ab
615 3201 683 3256 sede
698 3203 815 3261 dearum

118 3279 299 3356 Inlernisque
313 3279 370 3337 ciet
383 3278 508 3336 tenebris
520 3299 527 3350 ;
550 3279 596 3336 cui
611 3280 701 3336 tristis
714 3279 799 3356 bello,

118 3358 239 3436 Iraeque,
253 3358 433 3434 insidioeque,
449 3365 477 3414 et
491 3358 610 3414 crimino
623 3359 710 3415 noxia
723 3362 812 3420 cordi.

118 3437 188 3497 Odit
201 3447 230 3497 et
243 3437 305 3514 ipse
318 3446 398 3514 poter
411 3437 527 3511 Pluton,
542 3435 628 3493 odire
642 3455 752 3497 sorores

118 3516 262 3575 Tartareo
277 3525 432 3575 monstrum
446 3536 452 3572 :
474 3524 515 3573 tot
528 3535 591 3573 sese
605 3518 689 3574 vertit
702 3518 731 3574 in
747 3539 805 3595 oru,

118 3594 191 3653 Tum
206 3614 290 3653 saevoe
306 3595 402 3671 socies,
418 3604 459 3654 tot
471 3594 592 3671 pullulat
606 3603 664 3652 otro
678 3597 811 3656 colubris.

119 3673 215 3743 Quom
228 3675 304 3731 Juno
318 3675 364 3733 his
378 3675 454 3733 scuit
467 3673 571 3747 verbis,
588 3693 620 3730 oc
635 3675 702 3733 tolio
716 3675 807 3734 satur:
1043 3688 1112 3751 m

119 3752 206 3812 Hunc
221 3753 293 3811 mihi
306 3753 512 3832 ds'proprium,
525 3752 604 3830 virgo
619 3762 679 3815 suto
691 3755 797 3832 Nocte,
811 3755 951 3835 luborem,
988 3772 994 3779 ·
