2400 4178
503 214 616 270 LIBER
635 216 683 270 lX.

111 367 152 422 At
164 364 327 440 Messapus,
343 363 448 442 equium
458 365 591 443 domitor,
606 367 753 445 Neptunia
765 368 869 446 proles,

111 443 263 501 Rescindit
275 443 391 519 vallum,
406 448 435 501 et
448 445 539 502 scalas
551 446 581 502 in
595 448 701 504 moeuia
713 447 814 524 poscit

151 522 222 597 Vos,
237 543 254 579 o
268 522 407 599 Calliope,
421 517 531 599 precor,
546 525 686 601 adspirate
700 527 823 603 canenti,

113 600 193 671 Quas
206 601 246 658 ibi
260 611 328 659 tunc
340 601 413 658 ferro
428 612 544 678 strages,
559 623 622 680 quae
637 603 736 663 funera
750 605 865 666 Turnus

112 679 254 756 Ediderit,
270 699 355 757 quem
368 681 488 757 quisque
502 682 595 740 virum
609 684 754 742 demiserit
768 684 862 760 Orco;

111 759 153 817 Et
165 778 278 819 mecum
292 760 421 835 ingentes
436 780 497 818 oras
511 762 634 820 evolvite
649 762 734 820 belli:

115 837 170 913 [Et
183 839 352 897 meministis
366 840 452 914 enim,
468 839 551 914 divae,
567 849 596 898 et
609 861 765 899 memorare
778 844 921 922 potestis]

151 918 250 975 Turris
265 927 325 976 erat
336 927 416 976 vasto
431 927 566 994 suspectu
580 927 609 976 et
621 920 753 996 pontibus
768 921 840 997 altis,

112 995 280 1073 Opportuna
293 998 366 1072 loco,
382 997 502 1054 summis
516 1016 601 1071 quam
615 998 721 1056 viribus
736 1017 834 1058 omnes

111 1075 286 1151 Expugnare
301 1076 375 1150 Itali,
390 1076 558 1151 summisque
573 1085 698 1135 evertere
712 1097 798 1154 opum
811 1079 850 1154 vi,

111 1154 274 1228 Certabant,
290 1155 381 1211 Troes
395 1152 493 1211 contrd
507 1155 659 1214 defendere
674 1157 759 1232 saxia,

109 1233 222 1309 Perque
237 1250 320 1290 cavas
335 1233 415 1290 densi
429 1232 487 1292 tela
500 1233 660 1310 intorquere
674 1235 819 1294 fenestras.

110 1312 248 1388 Princeps
263 1313 407 1370 ardentem
422 1313 545 1390 conjecit
558 1313 690 1390 lampada
703 1315 827 1390 Turnus,

109 1391 150 1449 Et
162 1391 306 1449 flammam
320 1391 409 1449 affixit
422 1392 512 1467 lateri,
526 1411 589 1469 quoe
602 1392 725 1469 plurima
737 1401 827 1452 vento

109 1470 253 1548 Corripuit
266 1471 384 1546 tabulas,
400 1479 428 1529 et
440 1471 568 1549 postibus
582 1472 666 1530 haesit
680 1473 780 1530 adesis.

110 1549 228 1608 Turbati
242 1550 382 1626 trepidare
395 1551 482 1626 intus,
496 1551 653 1627 frustraque
666 1553 805 1609 malorum

109 1627 195 1685 Velle
208 1630 322 1705 fugam:
344 1631 413 1687 dum
427 1641 460 1688 se¹
472 1629 638 1707 glomerant,
653 1640 783 1708 retroque
796 1631 924 1691 residunt

110 1707 144 1762 In
159 1715 345 1784 partemque
359 1716 439 1783 peste
453 1718 538 1783 caret,
554 1718 615 1768 tum
629 1710 755 1786 pondere
769 1712 851 1768 turris
884 1721 885 1724 ’

110 1785 264 1844 Procubuit
277 1784 379 1862 subitd,
395 1795 424 1845 et
437 1788 540 1845 coelum
555 1796 633 1846 tonat
648 1791 733 1846 or'nne
746 1789 863 1864 fragore.

110 1865 275 1923 Semineces
290 1867 325 1923 ad
339 1875 451 1942 terram,
465 1866 583 1924 immani
596 1868 671 1924 mole
685 1868 793 1944 secuti,

109 1944 280 2021 Confixique
295 1945 351 2002 suis
365 1944 438 2020 telis,
454 1954 483 2002 et
495 1954 611 2022 pectora
624 1946 693 2003 duro

109 2023 268 2082 Transfossi
282 2024 369 2100 ligno,
383 2024 510 2082 veniunt.
533 2053 538 2063 ·
553 2025 613 2083 Vix
626 2045 700 2082 unus
714 2025 852 2102 Helenor,

108 2103 148 2160 Et
161 2105 265 2180 Lycus,
281 2104 386 2180 elapsi;
409 2123 527 2180 quorum
540 2105 693 2181 primaevus
707 2105 844 2182 Helenor,

107 2182 235 2241 Maeonio
250 2184 309 2258 regi
324 2202 410 2261 quem
425 2203 506 2241 serva
520 2185 670 2260 Licymnia
682 2184 778 2242 furtim

109 2261 275 2336 Sustulerat,
289 2263 440 2339 vetitisque
455 2264 490 2320 ad
504 2263 620 2342 Trojam
635 2265 750 2322 miserat
763 2263 857 2340 armis,

107 2340 187 2397 Ense
201 2341 272 2399 levis
286 2341 372 2416 nudo,
387 2341 542 2418 parmaque
555 2342 692 2418 inglorius
706 2343 779 2400 albai.

108 2418 194 2494 Isque
208 2419 257 2476 ubi
271 2438 302 2475 se
317 2420 408 2477 Turni
422 2420 517 2476 media
529 2420 603 2478 inter
616 2421 704 2478 millia
717 2421 797 2497 vidit,

108 2496 185 2553 Hinc
200 2498 275 2553 acies
290 2506 376 2572 atque
388 2498 456 2554 hinc
471 2498 547 2555 acies
561 2500 670 2556 adstare
684 2500 821 2572 Latinas3
837 2497 841 2507 '

108 2575 150 2633 Ut
163 2575 231 2649 sera,
246 2593 309 2651 quae
324 2575 412 2632 densi
426 2575 581 2633 venantium
595 2585 675 2652 septa
689 2578 794 2635 coronal

108 2654 215 2711 Contra
228 2655 285 2712 tela
297 2652 373 2727 furit,
388 2670 506 2728 seseque
520 2653 597 2711 haud
610 2655 707 2711 nescia
720 2655 803 2712 morti
826 2671 828 2674 ·

109 2732 214 2811 lnjicit,
230 2741 258 2790 et
270 2732 343 2790 saltu
358 2751 442 2808 supra
454 2731 597 2789 venabula
609 2732 714 2806 fertur;

107 2812 193 2869 Haud
209 2811 289 2870 aliter
298 2812 414 2890 juvenis
428 2811 537 2868 medios
550 2811 700 2869 moriturus
714 2812 744 2868 in
757 2811 854 2870 hostes

97 2892 200 2967 ·lrruit,
216 2899 244 2950 et
258 2890 313 2967 qud
327 2891 384 2948 tela
396 2890 476 2948 videt
489 2890 658 2948 densissima
671 2891 769 2950 tendit.
797 2896 799 2903 '

106 2973 146 3028 At
158 2970 279 3048 pedibus
293 2966 377 3045 longe
392 2970 494 3027 melior
507 2971 611 3046 Lycus,
626 2971 702 3028 inter
713 2979 742 3029 et
754 2971 860 3047 hostes,

108 3050 186 3109 Inter
199 3059 228 3108 et
241 3069 328 3125 arma,
343 3049 409 3125 fugai
424 3069 519 3107 muros
533 3057 621 3124 tenet,
636 3049 751 3126 altaque'
762 3057 850 3107 certat

107 3129 250 3187 Prendere
264 3137 342 3187 tecta
354 3148 450 3203 manu,
465 3128 632 3204 sociumque
647 3129 783 3205 attingere
798 3129 920 3187 dextras
1023 3148 1026 3152 ·
1070 3116 1074 3135 ‘

109 3206 204 3276 Quem
218 3208 343 3281 Turnus,
356 3208 461 3283 pariter
475 3227 559 3265 cursu
573 3206 687 3283 teloque
701 3217 824 3284 secutus,

108 3286 241 3362 Increpat
253 3285 299 3342 his
312 3286 421 3343 victor:
442 3285 473 3344 N
475 3294 601 3344 ostrasne
615 3288 746 3361 evadere,
761 3287 889 3360 demens,

109 3363 235 3440 Sperdsti
248 3370 276 3421 te
288 3381 373 3441 posse
387 3367 510 3430 manus?
553 3363 646 3422 Simul
659 3365 755 3442 arripit
767 3366 861 3442 ipsum
887 3415 890 3419 .
914 3387 919 3399 ·

106 3442 297 3516 Pendentem,
312 3449 341 3499 et
353 3443 457 3516 magna
470 3443 544 3500 muri
558 3461 624 3500 cum
637 3452 717 3520 parte
731 3442 859 3501 revellit:

109 3519 210 3592 Qualis
224 3520 275 3577 ubi
289 3527 337 3579 aut
349 3519 476 3595 leporem
491 3529 538 3580 aut
552 3521 686 3601 candenti
700 3540 816 3599 corpore
830 3538 953 3598 cycnum

109 3598 229 3658 Sustulit
243 3599 298 3657 alta
311 3605 413 3675 petens
426 3599 549 3675 pedibus
561 3600 641 3657 Jovis
655 3600 775 3675 armiger
787 3599 888 3673 uncis;

108 3677 270 3750 Quaesimm
284 3685 331 3736 aut
344 3677 426 3734 matri
439 3677 534 3735 multis
547 3678 687 3736 balatibus
701 3697 806 3754 agnum

106 3757 229 3820 Martius
243 3776 260 3816 a
273 3755 389 3817 stabulis
403 3755 496 3835 rapuit
508 3755 600 3835 lupus.
642 3757 778 3835 Undique
791 3756 905 3817 clamor
