<?xml version="1.0" encoding="UTF-8"?>
<!DOCTYPE html PUBLIC "-//W3C//DTD XHTML 1.0 Transitional//EN"
    "http://www.w3.org/TR/xhtml1/DTD/xhtml1-transitional.dtd">
<html xmlns="http://www.w3.org/1999/xhtml" xml:lang="en" lang="en">
 <head>
  <title>
</title>
<meta http-equiv="Content-Type" content="text/html;charset=utf-8" />
  <meta name='ocr-system' content='tesseract 3.04.00' />
  <meta name='ocr-capabilities' content='ocr_page ocr_carea ocr_par ocr_line ocrx_word'/>
</head>
<body>
  <div class='ocr_page' id='page_1' title='image "./bucolicageorgic02virggoog/bucolicageorgic02virggoog_0040.png"; bbox 0 0 2370 4176; ppageno 0'>
   <div class='ocr_carea' id='block_1_1' title="bbox 513 198 684 271">
    <p class='ocr_par' dir='ltr' id='par_1_1' title="bbox 513 198 684 271">
     <span class='ocr_line' id='line_1_1' title="bbox 513 198 684 271; baseline -0.029 -17"><span class='ocrx_word' id='word_1_1' title='bbox 513 198 629 255; x_wconf 80' lang='lat' dir='ltr'>urana</span> <span class='ocrx_word' id='word_1_2' title='bbox 646 200 684 271; x_wconf 70' lang='grc'>1,,</span> 
     </span>
    </p>
   </div>
   <div class='ocr_carea' id='block_1_2' title="bbox 99 344 1040 425">
    <p class='ocr_par' dir='ltr' id='par_1_2' title="bbox 99 344 1040 425">
     <span class='ocr_line' id='line_1_2' title="bbox 99 344 1040 425; baseline 0.005 -19"><span class='ocrx_word' id='word_1_3' title='bbox 99 344 186 406; x_wconf 79' lang='lat' dir='ltr'>Tunc</span> <span class='ocrx_word' id='word_1_4' title='bbox 199 347 300 406; x_wconf 84' lang='lat' dir='ltr'>somni</span> <span class='ocrx_word' id='word_1_5' title='bbox 309 347 419 422; x_wconf 79' lang='lat' dir='ltr'>dulces,</span> <span class='ocrx_word' id='word_1_6' title='bbox 434 347 591 425; x_wconf 78' lang='lat' dir='ltr'>densaeque</span> <span class='ocrx_word' id='word_1_7' title='bbox 603 349 634 406; x_wconf 94' lang='lat' dir='ltr'>in</span> <span class='ocrx_word' id='word_1_8' title='bbox 648 349 795 409; x_wconf 90' lang='lat' dir='ltr'>montibus</span> <span class='ocrx_word' id='word_1_9' title='bbox 808 351 929 424; x_wconf 70' lang='lat' dir='ltr'>umbrae.</span> <span class='ocrx_word' id='word_1_10' title='bbox 1038 416 1040 422; x_wconf 55' lang='grc'>,</span> 
     </span>
    </p>
   </div>
   <div class='ocr_carea' id='block_1_3' title="bbox 99 425 914 1207">
    <p class='ocr_par' dir='ltr' id='par_1_3' title="bbox 100 425 805 503">
     <span class='ocr_line' id='line_1_3' title="bbox 100 425 805 503; baseline 0.003 -18"><span class='ocrx_word' id='word_1_11' title='bbox 100 426 215 485; x_wconf 83' lang='lat' dir='ltr'>Cuncta</span> <span class='ocrx_word' id='word_1_12' title='bbox 227 425 282 484; x_wconf 91' lang='lat' dir='ltr'>tibi</span> <span class='ocrx_word' id='word_1_13' title='bbox 295 426 433 491; x_wconf 84' lang='lat' dir='ltr'>Cererem</span> <span class='ocrx_word' id='word_1_14' title='bbox 447 426 539 502; x_wconf 82' lang='lat' dir='ltr'>pubes</span> <span class='ocrx_word' id='word_1_15' title='bbox 554 428 672 503; x_wconf 87' lang='lat' dir='ltr'>agrestis</span> <span class='ocrx_word' id='word_1_16' title='bbox 687 429 805 502; x_wconf 89' lang='lat' dir='ltr'>adoret;</span> 
     </span>
    </p>

    <p class='ocr_par' dir='ltr' id='par_1_4' title="bbox 100 503 745 579">
     <span class='ocr_line' id='line_1_4' title="bbox 100 503 745 579; baseline 0 -16"><span class='ocrx_word' id='word_1_17' title='bbox 100 504 156 563; x_wconf 78' lang='lat' dir='ltr'>cai</span> <span class='ocrx_word' id='word_1_18' title='bbox 170 512 202 562; x_wconf 94' lang='lat' dir='ltr'>tu</span> <span class='ocrx_word' id='word_1_19' title='bbox 215 503 290 562; x_wconf 91' lang='lat' dir='ltr'>lacte</span> <span class='ocrx_word' id='word_1_20' title='bbox 302 504 383 562; x_wconf 82' lang='lat' dir='ltr'>favos</span> <span class='ocrx_word' id='word_1_21' title='bbox 398 511 427 562; x_wconf 91' lang='lat' dir='ltr'>et</span> <span class='ocrx_word' id='word_1_22' title='bbox 440 504 502 561; x_wconf 91' lang='lat' dir='ltr'>miti</span> <span class='ocrx_word' id='word_1_23' title='bbox 516 505 601 562; x_wconf 86' lang='lat' dir='ltr'>dilue</span> <span class='ocrx_word' id='word_1_24' title='bbox 608 505 745 579; x_wconf 75' lang='lat' dir='ltr'>Baccho,</span> 
     </span>
    </p>

    <p class='ocr_par' dir='ltr' id='par_1_5' title="bbox 100 582 814 661">
     <span class='ocr_line' id='line_1_5' title="bbox 100 582 814 661; baseline 0.004 -22"><span class='ocrx_word' id='word_1_25' title='bbox 100 582 217 659; x_wconf 87' lang='lat' dir='ltr'><strong>Terque</strong></span> <span class='ocrx_word' id='word_1_26' title='bbox 230 599 320 640; x_wconf 84' lang='lat' dir='ltr'>novas</span> <span class='ocrx_word' id='word_1_27' title='bbox 334 582 444 639; x_wconf 89' lang='lat' dir='ltr'>circum</span> <span class='ocrx_word' id='word_1_28' title='bbox 457 582 528 640; x_wconf 81' lang='lat' dir='ltr'><strong>felix</strong></span> <span class='ocrx_word' id='word_1_29' title='bbox 542 591 589 642; x_wconf 85' lang='lat' dir='ltr'>eat</span> <span class='ocrx_word' id='word_1_30' title='bbox 601 584 697 641; x_wconf 89' lang='lat' dir='ltr'>hostia</span> <span class='ocrx_word' id='word_1_31' title='bbox 708 583 814 661; x_wconf 87' lang='lat' dir='ltr'>fruges,</span> 
     </span>
    </p>

    <p class='ocr_par' dir='ltr' id='par_1_6' title="bbox 99 659 877 740">
     <span class='ocr_line' id='line_1_6' title="bbox 99 659 877 740; baseline 0.005 -21"><span class='ocrx_word' id='word_1_32' title='bbox 99 659 204 722; x_wconf 86' lang='lat' dir='ltr'>Omnis</span> <span class='ocrx_word' id='word_1_33' title='bbox 219 679 305 738; x_wconf 91' lang='lat' dir='ltr'>quam</span> <span class='ocrx_word' id='word_1_34' title='bbox 318 659 423 718; x_wconf 84' lang='lat' dir='ltr'>chorus</span> <span class='ocrx_word' id='word_1_35' title='bbox 437 666 468 718; x_wconf 92' lang='lat' dir='ltr'>et</span> <span class='ocrx_word' id='word_1_36' title='bbox 479 661 551 733; x_wconf 80' lang='lat' dir='ltr'>qocii</span> <span class='ocrx_word' id='word_1_37' title='bbox 564 662 736 719; x_wconf 75' lang='lat' dir='ltr'><strong>comitentur</strong></span> <span class='ocrx_word' id='word_1_38' title='bbox 748 672 877 740; x_wconf 85' lang='lat' dir='ltr'>ovantes,</span> 
     </span>
    </p>

    <p class='ocr_par' dir='ltr' id='par_1_7' title="bbox 100 738 903 818">
     <span class='ocr_line' id='line_1_7' title="bbox 100 738 903 818; baseline 0.009 -22"><span class='ocrx_word' id='word_1_39' title='bbox 100 738 140 797; x_wconf 88' lang='lat' dir='ltr'>Et</span> <span class='ocrx_word' id='word_1_40' title='bbox 153 739 293 796; x_wconf 77' lang='lat' dir='ltr'>Cererem</span> <span class='ocrx_word' id='word_1_41' title='bbox 306 738 432 811; x_wconf 79' lang='lat' dir='ltr'>clamore</span> <span class='ocrx_word' id='word_1_42' title='bbox 445 739 594 810; x_wconf 24' lang='lat' dir='ltr'>vocent-in</span> <span class='ocrx_word' id='word_1_43' title='bbox 608 747 706 797; x_wconf 85' lang='lat' dir='ltr'>tecta:</span> <span class='ocrx_word' id='word_1_44' title='bbox 727 759 823 818; x_wconf 91' lang='lat' dir='ltr'>neque</span> <span class='ocrx_word' id='word_1_45' title='bbox 837 739 903 803; x_wconf 72' lang='lat' dir='ltr'>ante</span> 
     </span>
    </p>

    <p class='ocr_par' dir='ltr' id='par_1_8' title="bbox 100 815 787 895">
     <span class='ocr_line' id='line_1_8' title="bbox 100 815 787 895; baseline 0.004 -22"><span class='ocrx_word' id='word_1_46' title='bbox 100 815 219 874; x_wconf 87' lang='lat' dir='ltr'>Falcem</span> <span class='ocrx_word' id='word_1_47' title='bbox 233 816 351 874; x_wconf 80' lang='lat' dir='ltr'>maturi·</span> <span class='ocrx_word' id='word_1_48' title='bbox 365 816 516 893; x_wconf 89' lang='lat' dir='ltr'>quisquam</span> <span class='ocrx_word' id='word_1_49' title='bbox 530 825 672 894; x_wconf 85' lang='lat' dir='ltr'>supponat</span> <span class='ocrx_word' id='word_1_50' title='bbox 685 818 787 895; x_wconf 87' lang='lat' dir='ltr'>aristis,</span> 
     </span>
    </p>

    <p class='ocr_par' dir='ltr' id='par_1_9' title="bbox 101 891 845 973">
     <span class='ocr_line' id='line_1_9' title="bbox 101 891 845 973; baseline 0.005 -21"><span class='ocrx_word' id='word_1_51' title='bbox 101 891 197 964; x_wconf 76' lang='lat' dir='ltr'>Quam</span> <span class='ocrx_word' id='word_1_52' title='bbox 212 894 322 969; x_wconf 83' lang='lat' dir='ltr'>Cereri,</span> <span class='ocrx_word' id='word_1_53' title='bbox 336 893 411 952; x_wconf 78' lang='lat' dir='ltr'>tortt</span> <span class='ocrx_word' id='word_1_54' title='bbox 424 894 572 953; x_wconf 89' lang='lat' dir='ltr'>redimitus</span> <span class='ocrx_word' id='word_1_55' title='bbox 586 903 716 973; x_wconf 90' lang='lat' dir='ltr'>tempora</span> <span class='ocrx_word' id='word_1_56' title='bbox 729 899 845 973; x_wconf 88' lang='lat' dir='ltr'>quercu,</span> 
     </span>
    </p>

    <p class='ocr_par' dir='ltr' id='par_1_10' title="bbox 100 972 914 1128">
     <span class='ocr_line' id='line_1_10' title="bbox 100 972 912 1049; baseline 0.007 -19"><span class='ocrx_word' id='word_1_57' title='bbox 100 972 159 1031; x_wconf 91' lang='lat' dir='ltr'>Det</span> <span class='ocrx_word' id='word_1_58' title='bbox 171 981 267 1031; x_wconf 92' lang='lat' dir='ltr'>motus</span> <span class='ocrx_word' id='word_1_59' title='bbox 280 973 495 1049; x_wconf 87' lang='lat' dir='ltr'>incompositos,</span> <span class='ocrx_word' id='word_1_60' title='bbox 510 981 541 1030; x_wconf 91' lang='lat' dir='ltr'>et</span> <span class='ocrx_word' id='word_1_61' title='bbox 553 975 680 1040; x_wconf 86' lang='lat' dir='ltr'>carmina</span> <span class='ocrx_word' id='word_1_62' title='bbox 692 974 777 1032; x_wconf 79' lang='lat' dir='ltr'>dicat.</span> <span class='ocrx_word' id='word_1_63' title='bbox 907 1029 912 1036; x_wconf 94' lang='lat'><strong>.</strong></span> 
     </span>
     <span class='ocr_line' id='line_1_11' title="bbox 137 1050 914 1128; baseline 0.004 -20"><span class='ocrx_word' id='word_1_64' title='bbox 137 1052 235 1127; x_wconf 78' lang='lat' dir='ltr'>Atque</span> <span class='ocrx_word' id='word_1_65' title='bbox 249 1050 314 1108; x_wconf 83' lang='lat' dir='ltr'>baec</span> <span class='ocrx_word' id='word_1_66' title='bbox 327 1060 359 1109; x_wconf 93' lang='lat' dir='ltr'>ut</span> <span class='ocrx_word' id='word_1_67' title='bbox 373 1051 458 1109; x_wconf 88' lang='lat' dir='ltr'>certis</span> <span class='ocrx_word' id='word_1_68' title='bbox 470 1052 614 1128; x_wconf 91' lang='lat' dir='ltr'>possimus</span> <span class='ocrx_word' id='word_1_69' title='bbox 628 1051 741 1109; x_wconf 85' lang='lat' dir='ltr'>discere</span> <span class='ocrx_word' id='word_1_70' title='bbox 755 1053 855 1128; x_wconf 91' lang='lat' dir='ltr'>signis,</span> <span class='ocrx_word' id='word_1_71' title='bbox 910 1088 914 1096; x_wconf 94' lang='lat'><em>·</em></span> 
     </span>
    </p>

    <p class='ocr_par' dir='ltr' id='par_1_11' title="bbox 99 1127 859 1207">
     <span class='ocr_line' id='line_1_12' title="bbox 99 1127 859 1207; baseline 0.001 -20"><span class='ocrx_word' id='word_1_72' title='bbox 99 1127 258 1206; x_wconf 70' lang='lat' dir='ltr'>AEstus&#39;que</span> <span class='ocrx_word' id='word_1_73' title='bbox 270 1129 440 1206; x_wconf 86' lang='lat' dir='ltr'>pluviasque</span> <span class='ocrx_word' id='word_1_74' title='bbox 454 1138 484 1187; x_wconf 91' lang='lat' dir='ltr'>et</span> <span class='ocrx_word' id='word_1_75' title='bbox 498 1137 615 1204; x_wconf 79' lang='lat' dir='ltr'>agentes</span> <span class='ocrx_word' id='word_1_76' title='bbox 628 1129 734 1204; x_wconf 88' lang='lat' dir='ltr'>frigora</span> <span class='ocrx_word' id='word_1_77' title='bbox 746 1139 859 1207; x_wconf 86' lang='lat' dir='ltr'>ventos,</span> 
     </span>
    </p>
   </div>
   <div class='ocr_carea' id='block_1_4' title="bbox 101 1205 947 1285">
    <p class='ocr_par' dir='ltr' id='par_1_12' title="bbox 101 1205 947 1285">
     <span class='ocr_line' id='line_1_13' title="bbox 101 1205 947 1285; baseline -0.002 -21"><span class='ocrx_word' id='word_1_78' title='bbox 101 1205 167 1284; x_wconf 88' lang='lat' dir='ltr'>Ipse</span> <span class='ocrx_word' id='word_1_79' title='bbox 180 1206 268 1265; x_wconf 90' lang='lat' dir='ltr'>Pater</span> <span class='ocrx_word' id='word_1_80' title='bbox 281 1208 379 1266; x_wconf 83' lang='lat' dir='ltr'>statuit</span> <span class='ocrx_word' id='word_1_81' title='bbox 392 1207 461 1283; x_wconf 92' lang='lat' dir='ltr'>quid</span> <span class='ocrx_word' id='word_1_82' title='bbox 474 1216 621 1266; x_wconf 85' lang='lat' dir='ltr'>menstrua</span> <span class='ocrx_word' id='word_1_83' title='bbox 632 1207 703 1265; x_wconf 90' lang='lat' dir='ltr'>luna</span> <span class='ocrx_word' id='word_1_84' title='bbox 716 1221 856 1285; x_wconf 88' lang='lat' dir='ltr'>moneret,</span> <span class='ocrx_word' id='word_1_85' title='bbox 930 1243 947 1262; x_wconf 71' lang='lat'><em>0</em></span> 
     </span>
    </p>
   </div>
   <div class='ocr_carea' id='block_1_5' title="bbox 98 1283 928 2064">
    <p class='ocr_par' dir='ltr' id='par_1_13' title="bbox 100 1283 846 1440">
     <span class='ocr_line' id='line_1_14' title="bbox 102 1283 846 1362; baseline 0.007 -20"><span class='ocrx_word' id='word_1_86' title='bbox 102 1284 167 1356; x_wconf 81' lang='lat' dir='ltr'>Quo</span> <span class='ocrx_word' id='word_1_87' title='bbox 181 1285 264 1360; x_wconf 91' lang='lat' dir='ltr'>signo</span> <span class='ocrx_word' id='word_1_88' title='bbox 278 1285 415 1344; x_wconf 88' lang='lat' dir='ltr'>caderent</span> <span class='ocrx_word' id='word_1_89' title='bbox 429 1284 526 1359; x_wconf 82' lang='lat' dir='ltr'>austri,</span> <span class='ocrx_word' id='word_1_90' title='bbox 541 1285 610 1361; x_wconf 93' lang='lat' dir='ltr'>quid</span> <span class='ocrx_word' id='word_1_91' title='bbox 623 1283 700 1362; x_wconf 73' lang='lat' dir='ltr'>saepe</span> <span class='ocrx_word' id='word_1_92' title='bbox 714 1286 846 1346; x_wconf 86' lang='lat' dir='ltr'>videntes</span> 
     </span>
     <span class='ocr_line' id='line_1_15' title="bbox 100 1360 825 1440; baseline 0.001 -19"><span class='ocrx_word' id='word_1_93' title='bbox 100 1362 242 1439; x_wconf 84' lang='lat' dir='ltr'>Agricolre</span> <span class='ocrx_word' id='word_1_94' title='bbox 256 1360 374 1440; x_wconf 74' lang='lat' dir='ltr'>propius</span> <span class='ocrx_word' id='word_1_95' title='bbox 386 1362 509 1421; x_wconf 88' lang='lat' dir='ltr'>stabulis</span> <span class='ocrx_word' id='word_1_96' title='bbox 523 1371 651 1420; x_wconf 90' lang='lat' dir='ltr'>armenta</span> <span class='ocrx_word' id='word_1_97' title='bbox 663 1372 803 1422; x_wconf 88' lang='lat' dir='ltr'>tenerent</span> <span class='ocrx_word' id='word_1_98' title='bbox 816 1388 825 1401; x_wconf 87' lang='lat'><strong>·</strong></span> 
     </span>
    </p>

    <p class='ocr_par' dir='ltr' id='par_1_14' title="bbox 98 1439 928 2064">
     <span class='ocr_line' id='line_1_16' title="bbox 135 1439 850 1519; baseline 0.003 -20"><span class='ocrx_word' id='word_1_99' title='bbox 135 1439 295 1516; x_wconf 76' lang='lat' dir='ltr'>Continuo,</span> <span class='ocrx_word' id='word_1_100' title='bbox 308 1440 403 1500; x_wconf 84' lang='lat' dir='ltr'>ventis</span> <span class='ocrx_word' id='word_1_101' title='bbox 417 1441 608 1517; x_wconf 81' lang='lat' dir='ltr'>surgentibus,</span> <span class='ocrx_word' id='word_1_102' title='bbox 624 1449 672 1498; x_wconf 91' lang='lat' dir='ltr'>aut</span> <span class='ocrx_word' id='word_1_103' title='bbox 684 1440 757 1500; x_wconf 89' lang='lat' dir='ltr'>freta</span> <span class='ocrx_word' id='word_1_104' title='bbox 767 1441 850 1519; x_wconf 89' lang='lat' dir='ltr'>ponti</span> 
     </span>
     <span class='ocr_line' id='line_1_17' title="bbox 100 1518 780 1596; baseline 0.003 -20"><span class='ocrx_word' id='word_1_105' title='bbox 100 1518 247 1596; x_wconf 81' lang='lat' dir='ltr'>Incipiunt</span> <span class='ocrx_word' id='word_1_106' title='bbox 260 1519 548 1595; x_wconf 10' lang='lat' dir='ltr'>agitatattumescere,</span> <span class='ocrx_word' id='word_1_107' title='bbox 563 1529 593 1578; x_wconf 92' lang='lat' dir='ltr'>et</span> <span class='ocrx_word' id='word_1_108' title='bbox 607 1520 702 1577; x_wconf 90' lang='lat' dir='ltr'>aridus</span> <span class='ocrx_word' id='word_1_109' title='bbox 716 1520 780 1578; x_wconf 84' lang='lat' dir='ltr'>altis</span> 
     </span>
     <span class='ocr_line' id='line_1_18' title="bbox 99 1596 808 1675; baseline 0.003 -21"><span class='ocrx_word' id='word_1_110' title='bbox 99 1597 251 1656; x_wconf 84' lang='lat' dir='ltr'>Montibus</span> <span class='ocrx_word' id='word_1_111' title='bbox 264 1597 356 1656; x_wconf 87' lang='lat' dir='ltr'>audiri</span> <span class='ocrx_word' id='word_1_112' title='bbox 368 1596 471 1674; x_wconf 86' lang='lat' dir='ltr'>fragor,</span> <span class='ocrx_word' id='word_1_113' title='bbox 485 1598 711 1656; x_wconf 78' lang='lat' dir='ltr'>autresonantia</span> <span class='ocrx_word' id='word_1_114' title='bbox 722 1597 808 1675; x_wconf 72' lang='lat' dir='ltr'>louge</span> 
     </span>
     <span class='ocr_line' id='line_1_19' title="bbox 99 1674 928 1750; baseline 0.001 -16"><span class='ocrx_word' id='word_1_115' title='bbox 99 1675 209 1734; x_wconf 68' lang='lat' dir='ltr'>Itittora</span> <span class='ocrx_word' id='word_1_116' title='bbox 221 1676 345 1750; x_wconf 79' lang='lat' dir='ltr'>misceri,</span> <span class='ocrx_word' id='word_1_117' title='bbox 360 1683 390 1734; x_wconf 94' lang='lat' dir='ltr'>et</span> <span class='ocrx_word' id='word_1_118' title='bbox 402 1694 552 1733; x_wconf 88' lang='lat' dir='ltr'>nemorum</span> <span class='ocrx_word' id='word_1_119' title='bbox 561 1674 779 1734; x_wconf 81' lang='lat' dir='ltr'>increbrescere</span> <span class='ocrx_word' id='word_1_120' title='bbox 792 1696 928 1735; x_wconf 87' lang='lat' dir='ltr'>murmur.</span> 
     </span>
     <span class='ocr_line' id='line_1_20' title="bbox 98 1751 906 1831; baseline 0.002 -21"><span class='ocrx_word' id='word_1_121' title='bbox 98 1752 162 1810; x_wconf 84' lang='lat' dir='ltr'>Jarn</span> <span class='ocrx_word' id='word_1_122' title='bbox 176 1753 232 1813; x_wconf 92' lang='lat' dir='ltr'>sibi</span> <span class='ocrx_word' id='word_1_123' title='bbox 245 1761 306 1812; x_wconf 91' lang='lat' dir='ltr'>turn</span> <span class='ocrx_word' id='word_1_124' title='bbox 320 1754 416 1812; x_wconf 86' lang='lat' dir='ltr'>curvis</span> <span class='ocrx_word' id='word_1_125' title='bbox 429 1751 504 1811; x_wconf 75' lang='lat' dir='ltr'>male</span> <span class='ocrx_word' id='word_1_126' title='bbox 518 1762 659 1831; x_wconf 82' lang='lat' dir='ltr'>temperat</span> <span class='ocrx_word' id='word_1_127' title='bbox 674 1754 751 1811; x_wconf 86' lang='lat' dir='ltr'>unda</span> <span class='ocrx_word' id='word_1_128' title='bbox 764 1755 878 1831; x_wconf 89' lang='lat' dir='ltr'>carinis,</span> <span class='ocrx_word' id='word_1_129' title='bbox 905 1820 906 1823; x_wconf 8' lang='grc' dir='ltr'><strong>Ἴ</strong></span> 
     </span>
     <span class='ocr_line' id='line_1_21' title="bbox 99 1831 870 1908; baseline 0 -20"><span class='ocrx_word' id='word_1_130' title='bbox 99 1831 198 1903; x_wconf 72' lang='lat' dir='ltr'>Quum</span> <span class='ocrx_word' id='word_1_131' title='bbox 212 1832 308 1890; x_wconf 92' lang='lat' dir='ltr'>medio</span> <span class='ocrx_word' id='word_1_132' title='bbox 323 1831 432 1890; x_wconf 87' lang='lat' dir='ltr'>celeres</span> <span class='ocrx_word' id='word_1_133' title='bbox 445 1832 576 1890; x_wconf 84' lang='lat' dir='ltr'>revolant</span> <span class='ocrx_word' id='word_1_134' title='bbox 589 1850 626 1889; x_wconf 88' lang='lat' dir='ltr'>ex</span> <span class='ocrx_word' id='word_1_135' title='bbox 641 1850 756 1908; x_wconf 87' lang='lat' dir='ltr'>aequore</span> <span class='ocrx_word' id='word_1_136' title='bbox 769 1833 870 1907; x_wconf 81' lang='lat' dir='ltr'>mergi,</span> 
     </span>
     <span class='ocr_line' id='line_1_22' title="bbox 99 1909 903 1987; baseline 0.001 -21"><span class='ocrx_word' id='word_1_137' title='bbox 99 1909 320 1987; x_wconf 84' lang='lat' dir='ltr'>Clamoremque</span> <span class='ocrx_word' id='word_1_138' title='bbox 333 1910 429 1969; x_wconf 88' lang='lat' dir='ltr'>ferunt</span> <span class='ocrx_word' id='word_1_139' title='bbox 441 1909 478 1967; x_wconf 90' lang='lat' dir='ltr'>ad</span> <span class='ocrx_word' id='word_1_140' title='bbox 490 1909 605 1982; x_wconf 89' lang='lat' dir='ltr'>littora;</span> <span class='ocrx_word' id='word_1_141' title='bbox 626 1928 772 1987; x_wconf 89' lang='lat' dir='ltr'>quumque</span> <span class='ocrx_word' id='word_1_142' title='bbox 786 1909 903 1984; x_wconf 72' lang='lat' dir='ltr'>marinae</span> 
     </span>
     <span class='ocr_line' id='line_1_23' title="bbox 99 1987 767 2064; baseline 0.001 -20"><span class='ocrx_word' id='word_1_143' title='bbox 99 1987 134 2045; x_wconf 96' lang='lat' dir='ltr'>In</span> <span class='ocrx_word' id='word_1_144' title='bbox 148 1987 226 2046; x_wconf 90' lang='lat' dir='ltr'>sicco</span> <span class='ocrx_word' id='word_1_145' title='bbox 240 1988 470 2061; x_wconf 78' lang='lat' dir='ltr'>luduntfulicae3</span> <span class='ocrx_word' id='word_1_146' title='bbox 492 1996 632 2064; x_wconf 85' lang='lat' dir='ltr'>notasque</span> <span class='ocrx_word' id='word_1_147' title='bbox 646 1988 767 2064; x_wconf 86' lang='lat' dir='ltr'>paludes</span> 
     </span>
    </p>
   </div>
   <div class='ocr_carea' id='block_1_6' title="bbox 99 2065 960 2143">
    <p class='ocr_par' dir='ltr' id='par_1_15' title="bbox 99 2065 960 2143">
     <span class='ocr_line' id='line_1_24' title="bbox 99 2065 960 2143; baseline -0.002 -20"><span class='ocrx_word' id='word_1_148' title='bbox 99 2065 217 2125; x_wconf 91' lang='lat' dir='ltr'>Deserit</span> <span class='ocrx_word' id='word_1_149' title='bbox 230 2074 314 2143; x_wconf 89' lang='lat' dir='ltr'>atque</span> <span class='ocrx_word' id='word_1_150' title='bbox 329 2068 415 2125; x_wconf 85' lang='lat' dir='ltr'>altam</span> <span class='ocrx_word' id='word_1_151' title='bbox 429 2084 515 2143; x_wconf 88' lang='lat' dir='ltr'>supra</span> <span class='ocrx_word' id='word_1_152' title='bbox 527 2065 606 2124; x_wconf 87' lang='lat' dir='ltr'>volat</span> <span class='ocrx_word' id='word_1_153' title='bbox 619 2067 705 2124; x_wconf 87' lang='lat' dir='ltr'>ardea</span> <span class='ocrx_word' id='word_1_154' title='bbox 717 2065 839 2128; x_wconf 83' lang='lat' dir='ltr'>nubem·</span> <span class='ocrx_word' id='word_1_155' title='bbox 952 2085 960 2096; x_wconf 67' lang='lat'><em>¹</em></span> 
     </span>
    </p>
   </div>
   <div class='ocr_carea' id='block_1_7' title="bbox 46 2142 941 2378">
    <p class='ocr_par' dir='ltr' id='par_1_16' title="bbox 46 2142 941 2378">
     <span class='ocr_line' id='line_1_25' title="bbox 46 2142 941 2220; baseline 0.002 -20"><span class='ocrx_word' id='word_1_156' title='bbox 46 2180 48 2182; x_wconf 95' lang='lat'>-</span> <span class='ocrx_word' id='word_1_157' title='bbox 99 2142 184 2220; x_wconf 75' lang='lat' dir='ltr'>Saepe</span> <span class='ocrx_word' id='word_1_158' title='bbox 199 2144 286 2202; x_wconf 84' lang='lat' dir='ltr'>etiarn</span> <span class='ocrx_word' id='word_1_159' title='bbox 300 2146 406 2220; x_wconf 89' lang='lat' dir='ltr'>stellas,</span> <span class='ocrx_word' id='word_1_160' title='bbox 420 2152 508 2202; x_wconf 89' lang='lat' dir='ltr'>vento</span> <span class='ocrx_word' id='word_1_161' title='bbox 522 2144 717 2220; x_wconf 90' lang='lat' dir='ltr'>impendente,</span> <span class='ocrx_word' id='word_1_162' title='bbox 731 2143 845 2203; x_wconf 82' lang='lat' dir='ltr'>videbis</span> <span class='ocrx_word' id='word_1_163' title='bbox 932 2174 941 2178; x_wconf 82' lang='lat'>-</span> 
     </span>
     <span class='ocr_line' id='line_1_26' title="bbox 97 2222 913 2302; baseline 0 -22"><span class='ocrx_word' id='word_1_164' title='bbox 97 2222 265 2299; x_wconf 71' lang='lat' dir='ltr'>Praecipites</span> <span class='ocrx_word' id='word_1_165' title='bbox 280 2223 352 2281; x_wconf 84' lang='lat' dir='ltr'>coelo</span> <span class='ocrx_word' id='word_1_166' title='bbox 365 2222 434 2297; x_wconf 83' lang='lat' dir='ltr'>labi,</span> <span class='ocrx_word' id='word_1_167' title='bbox 448 2223 598 2302; x_wconf 88' lang='lat' dir='ltr'>noctisque</span> <span class='ocrx_word' id='word_1_168' title='bbox 611 2241 663 2298; x_wconf 91' lang='lat' dir='ltr'>per</span> <span class='ocrx_word' id='word_1_169' title='bbox 675 2222 806 2280; x_wconf 89' lang='lat' dir='ltr'>umbram</span> <span class='ocrx_word' id='word_1_170' title='bbox 907 2244 913 2255; x_wconf 79' lang='grc'><em>’</em></span> 
     </span>
     <span class='ocr_line' id='line_1_27' title="bbox 98 2300 830 2378; baseline 0.001 -20"><span class='ocrx_word' id='word_1_171' title='bbox 98 2300 292 2358; x_wconf 79' lang='lat' dir='ltr'>Flammarum</span> <span class='ocrx_word' id='word_1_172' title='bbox 306 2301 407 2378; x_wconf 85' lang='lat' dir='ltr'>longos</span> <span class='ocrx_word' id='word_1_173' title='bbox 422 2319 439 2357; x_wconf 89' lang='lat' dir='ltr'>a</span> <span class='ocrx_word' id='word_1_174' title='bbox 451 2309 532 2376; x_wconf 86' lang='lat' dir='ltr'>tergo</span> <span class='ocrx_word' id='word_1_175' title='bbox 547 2300 692 2358; x_wconf 87' lang='lat' dir='ltr'>albescere</span> <span class='ocrx_word' id='word_1_176' title='bbox 706 2308 830 2373; x_wconf 83' lang='lat' dir='ltr'>tractus3</span> 
     </span>
    </p>
   </div>
   <div class='ocr_carea' id='block_1_8' title="bbox 100 2377 951 2457">
    <p class='ocr_par' dir='ltr' id='par_1_17' title="bbox 100 2377 951 2457">
     <span class='ocr_line' id='line_1_28' title="bbox 100 2377 951 2457; baseline -0.001 -20"><span class='ocrx_word' id='word_1_177' title='bbox 100 2377 184 2456; x_wconf 73' lang='lat' dir='ltr'>Saepe</span> <span class='ocrx_word' id='word_1_178' title='bbox 198 2379 294 2437; x_wconf 85' lang='lat' dir='ltr'>levem</span> <span class='ocrx_word' id='word_1_179' title='bbox 306 2380 420 2457; x_wconf 88' lang='lat' dir='ltr'>paleam</span> <span class='ocrx_word' id='word_1_180' title='bbox 432 2386 464 2436; x_wconf 92' lang='lat' dir='ltr'>et</span> <span class='ocrx_word' id='word_1_181' title='bbox 476 2378 591 2436; x_wconf 89' lang='lat' dir='ltr'>frondes</span> <span class='ocrx_word' id='word_1_182' title='bbox 605 2377 725 2436; x_wconf 86' lang='lat' dir='ltr'>volitare</span> <span class='ocrx_word' id='word_1_183' title='bbox 738 2379 870 2454; x_wconf 86' lang='lat' dir='ltr'>caducas,</span> <span class='ocrx_word' id='word_1_184' title='bbox 949 2389 951 2393; x_wconf 81' lang='grc'>’</span> 
     </span>
    </p>
   </div>
   <div class='ocr_carea' id='block_1_9' title="bbox 71 2456 945 3704">
    <p class='ocr_par' dir='ltr' id='par_1_18' title="bbox 98 2456 829 2533">
     <span class='ocr_line' id='line_1_29' title="bbox 98 2456 829 2533; baseline -0.003 -19"><span class='ocrx_word' id='word_1_185' title='bbox 98 2459 158 2515; x_wconf 88' lang='lat' dir='ltr'>Aut</span> <span class='ocrx_word' id='word_1_186' title='bbox 171 2457 284 2515; x_wconf 74' lang='lat' dir='ltr'>summi</span> <span class='ocrx_word' id='word_1_187' title='bbox 298 2466 400 2515; x_wconf 88' lang='lat' dir='ltr'>nantes</span> <span class='ocrx_word' id='word_1_188' title='bbox 414 2457 444 2514; x_wconf 91' lang='lat' dir='ltr'>in</span> <span class='ocrx_word' id='word_1_189' title='bbox 460 2456 533 2533; x_wconf 83' lang='lat' dir='ltr'>aquai</span> <span class='ocrx_word' id='word_1_190' title='bbox 548 2456 694 2514; x_wconf 90' lang='lat' dir='ltr'>colludere</span> <span class='ocrx_word' id='word_1_191' title='bbox 707 2456 829 2533; x_wconf 90' lang='lat' dir='ltr'>plumas.</span> 
     </span>
    </p>

    <p class='ocr_par' dir='ltr' id='par_1_19' title="bbox 97 2534 945 2922">
     <span class='ocr_line' id='line_1_30' title="bbox 97 2534 903 2613; baseline 0 -21"><span class='ocrx_word' id='word_1_192' title='bbox 97 2537 139 2593; x_wconf 78' lang='lat' dir='ltr'>At</span> <span class='ocrx_word' id='word_1_193' title='bbox 151 2535 254 2593; x_wconf 85' lang='lat' dir='ltr'>Boreae</span> <span class='ocrx_word' id='word_1_194' title='bbox 269 2535 305 2593; x_wconf 96' lang='lat' dir='ltr'>de</span> <span class='ocrx_word' id='word_1_195' title='bbox 318 2543 399 2613; x_wconf 85' lang='lat' dir='ltr'>parte</span> <span class='ocrx_word' id='word_1_196' title='bbox 412 2534 500 2594; x_wconf 89' lang='lat' dir='ltr'>trucis</span> <span class='ocrx_word' id='word_1_197' title='bbox 514 2554 603 2611; x_wconf 88' lang='lat' dir='ltr'>quum</span> <span class='ocrx_word' id='word_1_198' title='bbox 614 2534 757 2609; x_wconf 81' lang='lat' dir='ltr'>fulminat,</span> <span class='ocrx_word' id='word_1_199' title='bbox 771 2541 801 2592; x_wconf 91' lang='lat' dir='ltr'>et</span> <span class='ocrx_word' id='word_1_200' title='bbox 815 2553 903 2611; x_wconf 92' lang='lat' dir='ltr'>quum</span> 
     </span>
     <span class='ocr_line' id='line_1_31' title="bbox 97 2611 884 2691; baseline -0.001 -20"><span class='ocrx_word' id='word_1_201' title='bbox 97 2613 227 2691; x_wconf 89' lang='lat' dir='ltr'>Eurique</span> <span class='ocrx_word' id='word_1_202' title='bbox 242 2613 429 2690; x_wconf 85' lang='lat' dir='ltr'>Zephyrique</span> <span class='ocrx_word' id='word_1_203' title='bbox 441 2620 522 2671; x_wconf 88' lang='lat' dir='ltr'>tonat</span> <span class='ocrx_word' id='word_1_204' title='bbox 535 2614 637 2670; x_wconf 90' lang='lat' dir='ltr'>domus</span> <span class='ocrx_word' id='word_1_205' title='bbox 648 2633 656 2686; x_wconf 90' lang='lat'>;</span> <span class='ocrx_word' id='word_1_206' title='bbox 678 2613 776 2670; x_wconf 89' lang='lat' dir='ltr'>omnia</span> <span class='ocrx_word' id='word_1_207' title='bbox 788 2611 884 2689; x_wconf 88' lang='lat' dir='ltr'>plenis</span> 
     </span>
     <span class='ocr_line' id='line_1_32' title="bbox 97 2691 813 2766; baseline -0.003 -17"><span class='ocrx_word' id='word_1_208' title='bbox 97 2691 178 2749; x_wconf 87' lang='lat' dir='ltr'>Rura</span> <span class='ocrx_word' id='word_1_209' title='bbox 189 2698 290 2750; x_wconf 83' lang='lat' dir='ltr'>natant</span> <span class='ocrx_word' id='word_1_210' title='bbox 301 2691 395 2766; x_wconf 86' lang='lat' dir='ltr'>fossis,</span> <span class='ocrx_word' id='word_1_211' title='bbox 410 2698 495 2765; x_wconf 87' lang='lat' dir='ltr'>atque</span> <span class='ocrx_word' id='word_1_212' title='bbox 509 2691 602 2748; x_wconf 90' lang='lat' dir='ltr'>omnis</span> <span class='ocrx_word' id='word_1_213' title='bbox 615 2691 813 2766; x_wconf 83' lang='lat' dir='ltr'>navita&#39;ponto</span> 
     </span>
     <span class='ocr_line' id='line_1_33' title="bbox 97 2763 945 2845; baseline -0.005 -18"><span class='ocrx_word' id='word_1_214' title='bbox 97 2769 228 2827; x_wconf 89' lang='lat' dir='ltr'>Humida</span> <span class='ocrx_word' id='word_1_215' title='bbox 239 2769 306 2827; x_wconf 88' lang='lat' dir='ltr'>vela</span> <span class='ocrx_word' id='word_1_216' title='bbox 318 2769 397 2845; x_wconf 84' lang='lat' dir='ltr'>legit.</span> <span class='ocrx_word' id='word_1_217' title='bbox 438 2763 595 2843; x_wconf 86' lang='lat' dir='ltr'>Nunquam</span> <span class='ocrx_word' id='word_1_218' title='bbox 610 2766 839 2843; x_wconf 87' lang='lat' dir='ltr'>imprudentibus</span> <span class='ocrx_word' id='word_1_219' title='bbox 852 2766 945 2825; x_wconf 90' lang='lat' dir='ltr'>imber</span> 
     </span>
     <span class='ocr_line' id='line_1_34' title="bbox 99 2843 773 2922; baseline -0.004 -17"><span class='ocrx_word' id='word_1_220' title='bbox 99 2847 217 2907; x_wconf 92' lang='lat' dir='ltr'>Obfuit:</span> <span class='ocrx_word' id='word_1_221' title='bbox 240 2856 289 2906; x_wconf 91' lang='lat' dir='ltr'>aut</span> <span class='ocrx_word' id='word_1_222' title='bbox 301 2847 383 2906; x_wconf 89' lang='lat' dir='ltr'>illum</span> <span class='ocrx_word' id='word_1_223' title='bbox 397 2854 561 2922; x_wconf 81' lang='lat' dir='ltr'>surgentem</span> <span class='ocrx_word' id='word_1_224' title='bbox 573 2844 697 2904; x_wconf 86' lang='lat' dir='ltr'>vallibus</span> <span class='ocrx_word' id='word_1_225' title='bbox 707 2843 773 2902; x_wconf 90' lang='lat' dir='ltr'>imis</span> 
     </span>
    </p>

    <p class='ocr_par' dir='ltr' id='par_1_20' title="bbox 98 2922 778 3082">
     <span class='ocr_line' id='line_1_35' title="bbox 98 2922 745 3001; baseline -0.006 -18"><span class='ocrx_word' id='word_1_226' title='bbox 98 2927 193 2984; x_wconf 73' lang='lat' dir='ltr'>Abrire</span> <span class='ocrx_word' id='word_1_227' title='bbox 207 2923 308 3001; x_wconf 70' lang='lat' dir='ltr'>fugire</span> <span class='ocrx_word' id='word_1_228' title='bbox 321 2945 424 3001; x_wconf 86' lang='lat' dir='ltr'>grues;</span> <span class='ocrx_word' id='word_1_229' title='bbox 448 2932 496 2982; x_wconf 93' lang='lat' dir='ltr'>aut</span> <span class='ocrx_word' id='word_1_230' title='bbox 508 2923 624 2997; x_wconf 87' lang='lat' dir='ltr'>bucula,</span> <span class='ocrx_word' id='word_1_231' title='bbox 639 2922 745 2980; x_wconf 87' lang='lat' dir='ltr'>coelum</span> 
     </span>
     <span class='ocr_line' id='line_1_36' title="bbox 99 3001 778 3082; baseline -0.004 -20"><span class='ocrx_word' id='word_1_232' title='bbox 99 3003 277 3082; x_wconf 83' lang='lat' dir='ltr'>Suspiciens,</span> <span class='ocrx_word' id='word_1_233' title='bbox 291 3004 395 3080; x_wconf 82' lang='lat' dir='ltr'>patulis</span> <span class='ocrx_word' id='word_1_234' title='bbox 409 3002 534 3079; x_wconf 87' lang='lat' dir='ltr'>captavit</span> <span class='ocrx_word' id='word_1_235' title='bbox 547 3001 663 3058; x_wconf 89' lang='lat' dir='ltr'>naribus</span> <span class='ocrx_word' id='word_1_236' title='bbox 677 3019 778 3073; x_wconf 84' lang='lat' dir='ltr'>auras3</span> 
     </span>
    </p>

    <p class='ocr_par' dir='ltr' id='par_1_21' title="bbox 97 3078 771 3157">
     <span class='ocr_line' id='line_1_37' title="bbox 97 3078 771 3157; baseline -0.003 -19"><span class='ocrx_word' id='word_1_237' title='bbox 97 3082 157 3141; x_wconf 86' lang='lat' dir='ltr'>Aut</span> <span class='ocrx_word' id='word_1_238' title='bbox 170 3089 270 3157; x_wconf 89' lang='lat' dir='ltr'>arguta</span> <span class='ocrx_word' id='word_1_239' title='bbox 282 3081 361 3140; x_wconf 89' lang='lat' dir='ltr'>lacus</span> <span class='ocrx_word' id='word_1_240' title='bbox 376 3079 616 3140; x_wconf 83' lang='lat' dir='ltr'>circumvolitavit</span> <span class='ocrx_word' id='word_1_241' title='bbox 628 3078 752 3137; x_wconf 89' lang='lat' dir='ltr'>hirundo</span> <span class='ocrx_word' id='word_1_242' title='bbox 762 3098 771 3152; x_wconf 91' lang='lat'>;</span> 
     </span>
    </p>

    <p class='ocr_par' dir='ltr' id='par_1_22' title="bbox 71 3155 840 3549">
     <span class='ocr_line' id='line_1_38' title="bbox 71 3155 836 3233; baseline 0 -16"><span class='ocrx_word' id='word_1_243' title='bbox 71 3174 82 3179; x_wconf 86' lang='grc'><em>·</em></span> <span class='ocrx_word' id='word_1_244' title='bbox 99 3158 139 3218; x_wconf 90' lang='lat' dir='ltr'>Et</span> <span class='ocrx_word' id='word_1_245' title='bbox 150 3168 280 3218; x_wconf 85' lang='lat' dir='ltr'>veterem</span> <span class='ocrx_word' id='word_1_246' title='bbox 292 3160 323 3218; x_wconf 89' lang='lat' dir='ltr'>iu</span> <span class='ocrx_word' id='word_1_247' title='bbox 336 3159 406 3218; x_wconf 91' lang='lat' dir='ltr'>limo</span> <span class='ocrx_word' id='word_1_248' title='bbox 419 3177 496 3216; x_wconf 86' lang='lat' dir='ltr'>ranae</span> <span class='ocrx_word' id='word_1_249' title='bbox 512 3155 644 3215; x_wconf 76' lang='lat' dir='ltr'>cecinere</span> <span class='ocrx_word' id='word_1_250' title='bbox 658 3156 804 3233; x_wconf 82' lang='lat' dir='ltr'>querelam</span> <span class='ocrx_word' id='word_1_251' title='bbox 814 3177 836 3232; x_wconf 62' lang='lat'>;,</span> 
     </span>
     <span class='ocr_line' id='line_1_39' title="bbox 101 3234 747 3315; baseline -0.005 -20"><span class='ocrx_word' id='word_1_252' title='bbox 101 3234 213 3315; x_wconf 71' lang='lat' dir='ltr'>saepius</span> <span class='ocrx_word' id='word_1_253' title='bbox 227 3245 256 3295; x_wconf 93' lang='lat' dir='ltr'>et</span> <span class='ocrx_word' id='word_1_254' title='bbox 268 3238 354 3297; x_wconf 90' lang='lat' dir='ltr'>tectis</span> <span class='ocrx_word' id='word_1_255' title='bbox 365 3235 561 3314; x_wconf 83' lang='lat' dir='ltr'>penetralibus</span> <span class='ocrx_word' id='word_1_256' title='bbox 575 3235 680 3293; x_wconf 87' lang='lat' dir='ltr'>extulit</span> <span class='ocrx_word' id='word_1_257' title='bbox 693 3253 747 3293; x_wconf 85' lang='lat' dir='ltr'>ova</span> 
     </span>
     <span class='ocr_line' id='line_1_40' title="bbox 98 3312 840 3392; baseline -0.007 -17"><span class='ocrx_word' id='word_1_258' title='bbox 98 3315 261 3392; x_wconf 85' lang='lat' dir='ltr'>Angustum</span> <span class='ocrx_word' id='word_1_259' title='bbox 274 3315 393 3374; x_wconf 83' lang='lat' dir='ltr'>formica</span> <span class='ocrx_word' id='word_1_260' title='bbox 406 3323 502 3374; x_wconf 91' lang='lat' dir='ltr'>terens</span> <span class='ocrx_word' id='word_1_261' title='bbox 516 3314 588 3387; x_wconf 91' lang='lat' dir='ltr'>iter;</span> <span class='ocrx_word' id='word_1_262' title='bbox 610 3321 639 3372; x_wconf 95' lang='lat' dir='ltr'>et</span> <span class='ocrx_word' id='word_1_263' title='bbox 651 3312 725 3372; x_wconf 90' lang='lat' dir='ltr'>bibit</span> <span class='ocrx_word' id='word_1_264' title='bbox 737 3312 840 3389; x_wconf 89' lang='lat' dir='ltr'>ingens</span> 
     </span>
     <span class='ocr_line' id='line_1_41' title="bbox 99 3391 794 3471; baseline -0.006 -19"><span class='ocrx_word' id='word_1_265' title='bbox 99 3395 209 3467; x_wconf 81' lang='lat' dir='ltr'>Arcus3</span> <span class='ocrx_word' id='word_1_266' title='bbox 231 3402 261 3452; x_wconf 91' lang='lat' dir='ltr'>et</span> <span class='ocrx_word' id='word_1_267' title='bbox 274 3413 291 3452; x_wconf 92' lang='lat' dir='ltr'>e</span> <span class='ocrx_word' id='word_1_268' title='bbox 304 3401 388 3471; x_wconf 88' lang='lat' dir='ltr'>pastu</span> <span class='ocrx_word' id='word_1_269' title='bbox 402 3393 547 3451; x_wconf 90' lang='lat' dir='ltr'>decedens</span> <span class='ocrx_word' id='word_1_270' title='bbox 562 3391 676 3468; x_wconf 78' lang='lat' dir='ltr'>agmine</span> <span class='ocrx_word' id='word_1_271' title='bbox 689 3409 794 3467; x_wconf 90' lang='lat' dir='ltr'>magno</span> 
     </span>
     <span class='ocr_line' id='line_1_42' title="bbox 100 3468 757 3549; baseline -0.006 -19"><span class='ocrx_word' id='word_1_272' title='bbox 100 3472 414 3549; x_wconf 84' lang='lat' dir='ltr'>Corvorumincrepuit</span> <span class='ocrx_word' id='word_1_273' title='bbox 426 3470 523 3542; x_wconf 82' lang='lat' dir='ltr'>densis</span> <span class='ocrx_word' id='word_1_274' title='bbox 537 3469 682 3528; x_wconf 82' lang='lat' dir='ltr'>exercitus</span> <span class='ocrx_word' id='word_1_275' title='bbox 695 3468 757 3527; x_wconf 82' lang='lat' dir='ltr'>alis.</span> 
     </span>
    </p>

    <p class='ocr_par' dir='ltr' id='par_1_23' title="bbox 98 3546 863 3704">
     <span class='ocr_line' id='line_1_43' title="bbox 98 3546 863 3628; baseline -0.007 -21"><span class='ocrx_word' id='word_1_276' title='bbox 98 3550 116 3607; x_wconf 93' lang='lat' dir='ltr'>J</span> <span class='ocrx_word' id='word_1_277' title='bbox 117 3570 161 3609; x_wconf 90' lang='lat' dir='ltr'>am</span> <span class='ocrx_word' id='word_1_278' title='bbox 173 3551 268 3610; x_wconf 86' lang='lat' dir='ltr'>varias</span> <span class='ocrx_word' id='word_1_279' title='bbox 281 3550 378 3628; x_wconf 85' lang='lat' dir='ltr'>pelagi</span> <span class='ocrx_word' id='word_1_280' title='bbox 389 3549 532 3623; x_wconf 86' lang='lat' dir='ltr'>volucres,</span> <span class='ocrx_word' id='word_1_281' title='bbox 547 3555 577 3606; x_wconf 91' lang='lat' dir='ltr'>et</span> <span class='ocrx_word' id='word_1_282' title='bbox 585 3552 655 3625; x_wconf 75' lang='lat' dir='ltr'>quse</span> <span class='ocrx_word' id='word_1_283' title='bbox 669 3546 741 3605; x_wconf 85' lang='lat' dir='ltr'>Asia</span> <span class='ocrx_word' id='word_1_284' title='bbox 753 3546 863 3603; x_wconf 88' lang='lat' dir='ltr'>circum</span> 
     </span>
     <span class='ocr_line' id='line_1_44' title="bbox 100 3623 839 3704; baseline -0.005 -19"><span class='ocrx_word' id='word_1_285' title='bbox 100 3629 241 3689; x_wconf 91' lang='lat' dir='ltr'>Dulcibus</span> <span class='ocrx_word' id='word_1_286' title='bbox 254 3628 286 3686; x_wconf 91' lang='lat' dir='ltr'>in</span> <span class='ocrx_word' id='word_1_287' title='bbox 299 3628 408 3704; x_wconf 82' lang='lat' dir='ltr'>stagnis</span> <span class='ocrx_word' id='word_1_288' title='bbox 421 3627 561 3685; x_wconf 89' lang='lat' dir='ltr'>rimantur</span> <span class='ocrx_word' id='word_1_289' title='bbox 572 3634 654 3702; x_wconf 88' lang='lat' dir='ltr'>prata</span> <span class='ocrx_word' id='word_1_290' title='bbox 666 3623 790 3700; x_wconf 79' lang='lat' dir='ltr'>Caystri,</span> <span class='ocrx_word' id='word_1_291' title='bbox 835 3693 839 3696; x_wconf 21' lang='grc' dir='ltr'>Ι</span> 
     </span>
    </p>
   </div>
   <div class='ocr_carea' id='block_1_10' title="bbox 99 3703 753 3844">
    <p class='ocr_par' dir='ltr' id='par_1_24' title="bbox 99 3703 753 3844">
     <span class='ocr_line' id='line_1_45' title="bbox 99 3703 753 3844; baseline -0.008 -80"><span class='ocrx_word' id='word_1_292' title='bbox 99 3707 238 3768; x_wconf 81' lang='lat' dir='ltr'>Certatim</span> <span class='ocrx_word' id='word_1_293' title='bbox 250 3706 345 3844; x_wconf 69' lang='lat' dir='ltr'>lapgos</span> <span class='ocrx_word' id='word_1_294' title='bbox 358 3705 488 3764; x_wconf 82' lang='lat' dir='ltr'>humeris</span> <span class='ocrx_word' id='word_1_295' title='bbox 501 3703 652 3795; x_wconf 84' lang='lat' dir='ltr'>infundere</span> <span class='ocrx_word' id='word_1_296' title='bbox 665 3719 753 3776; x_wconf 89' lang='lat' dir='ltr'>rores,</span> 
     </span>
    </p>
   </div>
   <div class='ocr_carea' id='block_1_11' title="bbox 1047 205 1086 264">
    <p class='ocr_par' dir='ltr' id='par_1_25' title="bbox 1047 205 1086 264">
     <span class='ocr_line' id='line_1_46' title="bbox 1047 205 1086 264; baseline 0 0"><span class='ocrx_word' id='word_1_297' title='bbox 1047 205 1086 264; x_wconf 72' lang='lat'>87</span> 
     </span>
    </p>
   </div>
   <div class='ocr_carea' id='block_1_12' title="bbox 0 0 1190 4176">
    <p class='ocr_par' dir='ltr' id='par_1_26' title="bbox 0 0 1190 4176">
     <span class='ocr_line' id='line_1_47' title="bbox 0 0 1190 4176; baseline 0 0"><span class='ocrx_word' id='word_1_298' title='bbox 0 0 1190 4176; x_wconf 95' lang='lat' dir='ltr'> </span> 
     </span>
    </p>
   </div>
  </div>
 </body>
</html>
