2400 4178
459 234 462 239 ⁴
503 190 621 273 arara,
634 193 686 281 rr.

109 340 165 401 Est
178 341 231 400 iter
242 339 274 398 in
288 339 377 416 silvis,
390 339 562 476 ubiffilum
577 342 707 400 condidit
719 341 837 400 umbria

107 420 230 496 Jupiter,
245 428 274 478 et
287 419 371 477 rebus
386 426 466 475 nor
496 420 575 477 stulit
593 428 654 478 atra
665 420 800 478 colorem.

109 497 295 555 Vestibulum
309 506 375 556 ante
389 496 495 572 ipsum,
509 497 665 575 primisque
678 498 709 555 in
722 498 852 556 faucibus
867 498 947 575 Orci,

109 575 219 634 Luctus
233 584 262 634 et
274 576 390 634 ultrices
403 574 526 651 posuere
541 575 646 634 cubilia
660 576 763 648 Curae;

108 653 313 731 Pallentesque
326 654 456 713 habitant
469 653 576 730 Morbi,
591 655 734 730 tristisque
750 655 900 731 Senectus,

109 731 151 791 Et
163 733 273 808 Metus,
288 740 317 790 et
330 732 495 790 malesuada
508 733 623 808 Famae,
638 753 671 792 ac
686 732 776 809 turpis
790 733 924 808 Egestas,

109 808 266 869 Terribiles
279 811 344 869 visu
357 811 474 883 formre3
496 812 668 887 Letumque,
683 812 855 887 Labosque;

108 887 186 945 Turn
201 890 437 964 consanguineus
447 889 512 946 Leti
527 889 627 964 Sopor,
642 899 672 946 et
684 889 762 966 mala
772 890 877 947 mentis
914 946 916 950 ,

109 966 233 1041 Gaudia,
248 967 482 1042 mortiferumque
497 967 616 1024 adverso
630 967 661 1023 in
674 967 775 1024 limine
789 968 916 1042 Bellum,

108 1044 265 1120 Ferreique
280 1045 478 1102 Eumenidum
494 1043 621 1118 thalami,
636 1051 665 1101 et
679 1045 832 1103 Discordia
845 1047 973 1121 demens,
1030 1052 1090 1104 280

108 1121 268 1198 Vipereum
283 1123 392 1199 crinem
405 1122 484 1179 vittis
498 1122 605 1179 innexa
618 1124 752 1181 cruentis.

149 1200 183 1256 In
198 1201 295 1256 medio
310 1218 403 1256 ramos
417 1219 580 1276 annosaque
594 1201 711 1281 brachia
723 1203 826 1277 pandit

109 1277 213 1336 Ulmus
228 1297 327 1354 opaca,
341 1278 453 1353 ingens,
468 1297 555 1353 quam
569 1279 668 1336 sedem
683 1281 805 1339 Somnia
817 1278 905 1356 vulgo

108 1354 194 1412 Vana
207 1363 306 1413 tencre
320 1356 423 1431 lerunt,
438 1356 572 1432 foliisque
586 1357 639 1414 sub
653 1358 786 1416 omnibus
800 1359 918 1416 haerent.

107 1433 260 1510 Multaque
273 1442 412 1510 praeterea
424 1435 567 1493 variarum
582 1445 707 1493 monstra
720 1436 853 1512 serarum,

107 1511 246 1569 Centauri
259 1512 288 1568 in
302 1512 412 1569 loribus
427 1512 579 1588 stabulant,
597 1513 758 1589 Scyllaeque
772 1515 919 1591 biformes,
976 1541 983 1553 ·

107 1589 148 1646 Et
161 1591 412 1666 centumgeminus
425 1592 571 1666 BriareuS,
586 1611 619 1649 ac
633 1592 730 1650 bellua
743 1594 847 1650 Lernae

107 1665 293 1725 Horrendum
307 1668 440 1741 stridens,
454 1668 635 1745 flammisque
650 1680 758 1728 armata
771 1672 929 1745 Chimaera,

108 1745 267 1821 Gorgones,
282 1746 489 1822 Harpyiaeque,
504 1755 533 1804 et
545 1748 637 1804 forma
649 1750 810 1825 tricorporis
824 1751 944 1807 umbrae.

107 1822 234 1900 Corripit
247 1821 295 1880 hic
310 1824 404 1881 subita
418 1825 544 1900 trepidus
558 1824 710 1900 formidine
724 1826 830 1884 sermm

106 1900 226 1977 AEneas,
242 1903 425 1978 strictamque
440 1904 531 1959 aciem
544 1904 727 1961 venientibus
741 1903 843 1963 offert:

107 1979 156 2053 Et,
172 1981 202 2037 ni
216 1982 302 2037 docta
317 1999 415 2037 comes
430 1988 531 2038 tenues
545 1982 607 2038 sine
622 2001 740 2058 corpore
754 1983 830 2040 vitas

105 2058 271 2116 Admoneat
284 2059 403 2116 volitare
418 2060 488 2116 aava
503 2059 556 2116 sub
571 2060 696 2136 imagine
709 2061 819 2136 sonnae,

107 2134 199 2197 Irruat
212 2145 241 2195 et
254 2137 357 2194 frustra
369 2138 443 2194 serro
455 2138 616 2197 diverberet
629 2136 752 2196 umbras.

146 2216 224 2272 Hinc
238 2216 285 2272 via
299 2216 428 2274 Tartarei
443 2236 507 2292 quae
521 2218 575 2275 fert
588 2218 762 2275 Acherontis
776 2220 812 2276 ad
826 2219 937 2276 undas:

106 2292 252 2350 Turbidus
266 2293 315 2351 hic
329 2313 412 2352 coeno
425 2296 564 2372 vastique
578 2297 714 2373 voragine
728 2316 832 2372 gurges

107 2370 230 2445 AEstuat,
246 2379 332 2447 atquc
345 2392 461 2430 omnem
476 2375 588 2449 Cocyto
602 2384 713 2433 eructat
726 2394 851 2433 arenam.

106 2448 231 2505 Portitor
243 2450 295 2506 has
309 2451 468 2507 horrendus
483 2471 569 2526 aquas
584 2459 613 2508 et
625 2453 747 2509 flumina
761 2462 855 2512 servat

107 2525 242 2582 Terribili
256 2527 387 2600 squalore
401 2526 528 2602 Charon,
542 2529 589 2585 cui
602 2529 727 2603 plurima
739 2539 837 2587 mento

107 2602 236 2660 Canities
250 2603 358 2659 inculta
367 2605 463 2678 jacet;
485 2613 561 2661 stant
573 2605 684 2661 lumina
696 2606 829 2678 dammim

109 2681 247 2738 Sordidus
261 2700 299 2737 ex
312 2679 439 2736 humeris
453 2681 529 2737 nodo
544 2681 688 2755 dependet
702 2683 832 2738 amictus.
908 2740 915 2753 ,

106 2760 175 2834 Ipse
190 2768 278 2816 ratem
294 2767 379 2817 conto
393 2757 510 2832 subigit,
525 2757 655 2835 velisque
670 2759 822 2834 ministrat,

107 2839 148 2896 Et
160 2838 325 2913 ferruginei
338 2835 489 2894 subvectat
503 2855 621 2912 corpora
634 2835 758 2912 cymbia,

105 2918 170 2975 Jam
185 2917 289 2992 senior,
304 2916 356 2973 sed
370 2916 458 2973 cruda
471 2916 526 2973 deo
539 2915 697 2991 viridisque
711 2924 853 2974 senectus.

107 2997 175 3053 Huc
190 2996 282 3053 omnis
296 2995 379 3053 turba
394 2994 430 3052 ad
443 2994 519 3069 ripas
534 2992 625 3072 effusa
638 2994 738 3052 ruebat
750 3013 756 3051 :
847 3051 884 3083 Ι),

107 3074 226 3149 Matres,
242 3083 327 3150 atque
340 3072 404 3148 viri,
419 3072 610 3148 defunctaque
625 3092 745 3149 corpora
757 3073 817 3132 vitri
840 3120 843 3125 ,
910 3078 954 3109 ‘'⁶-
1052 3104 1056 3111 ·

107 3152 328 3228 Magnanimum
341 3151 472 3226 heroum,
486 3152 579 3227 pueri,
593 3152 781 3229 innuptaeque
794 3152 910 3230 puellae,

108 3230 299 3328 Impositique
313 3230 389 3306 rogis
399 3232 524 3308 juvenes
539 3238 606 3287 ante
620 3250 669 3288 ora
681 3231 831 3308 parentiam
845 3252 851 3288 :

109 3309 206 3378 Quam
220 3307 310 3366 multa
323 3309 354 3365 in
367 3309 446 3367 silvis
461 3309 591 3368 autumni
606 3309 709 3385 frigore
722 3311 814 3388 primo

107 3387 203 3463 Lapsa
216 3387 323 3444 cadunt
335 3386 420 3458 solia3
442 3396 490 3446 aut
504 3389 538 3446 ad
553 3396 658 3447 terram
671 3390 782 3466 gurgite
797 3389 832 3446 ab
845 3389 902 3446 alto

109 3462 208 3536 Qudm
223 3463 323 3521 multae
336 3463 527 3540 glomerantur
541 3486 618 3542 aves,
631 3468 682 3525 ubi
695 3468 814 3542 frigidus
828 3485 920 3525 annns

107 3543 201 3601 Trans
215 3551 335 3620 pontum
348 3541 437 3617 fingat,
452 3553 482 3601 et
493 3545 573 3603 terris
587 3545 715 3603 immittit
728 3545 839 3621 apricis.

110 3620 230 3680 Stabant
243 3629 356 3679 orantes
369 3620 454 3696 primi
467 3624 656 3682 transmittere
670 3642 795 3698 cursum,

108 3699 339 3776 Tendebantque
353 3718 466 3778 manua,
479 3701 548 3778 ripae
562 3702 703 3761 ulterioris
717 3720 824 3760 amore.
