2400 4178
101 198 160 253 ⁴250
508 192 688 249 AENEIDOS

106 348 198 407 Ardet
210 366 285 424 apex
297 345 395 424 capiti,
409 343 557 420 cristisque
571 343 708 402 avertice
720 342 836 403 flamma

107 427 259 500 Funditur,
273 434 302 483 et
315 432 409 482 vastos
422 422 510 481 umbo
523 423 614 481 vomit
628 441 731 481 aureus
744 423 835 499 lgna

106 506 175 564 Non
189 523 271 563 secus
286 523 318 561 ac
331 502 440 580 liquida
453 503 477 559 si
491 502 604 578 quando
617 510 702 560 nocte
712 510 831 561 cometa
872 522 877 531 ·

108 583 263 659 Sanguinci
277 579 395 658 lugubre
410 581 521 655 rubent,
536 590 585 638 aut
600 581 693 639 Sirius
703 581 802 654 ardor,

107 663 170 737 llle,
185 662 260 720 sitim
274 660 443 737 morbosque
456 659 551 718 ferens
564 659 730 718 mortalibus
743 660 835 735 aegris,

105 742 251 814 Nascitur,
265 749 295 797 et
307 739 381 797 loevo
395 739 542 797 contristat
554 736 664 796 lumine
678 738 792 797 caelum.

145 819 234 876 llaud
248 828 342 877 tamen
357 817 458 875 audaci
471 816 570 881 Turno
583 816 689 875 liducia
700 817 787 875 cessit

106 896 215 955 Littora
226 898 393 975 precipere,
408 905 437 954 et
450 895 603 953 venientes·
611 896 719 972 pellere
732 894 815 954 terrh.

110 976 208 1049 qutro
223 977 332 1033 animos
346 976 419 1033 tollit
432 975 525 1050 dictis,
539 982 625 1050 atque
639 976 766 1053 increpat
778 973 852 1033 ultro
863 974 887 1051 t]

107 1056 194 1124 Quod
207 1056 280 1114 votis
295 1055 424 1131 optastis,
440 1055 529 1127 adest,
542 1053 716 1129 perfringere
730 1053 848 1121 dextri3

107 1133 141 1205 ln
156 1134 287 1192 manibus
302 1133 381 1191 Mars
395 1134 466 1209 ipsc,
481 1132 552 1189 viri:
574 1151 650 1190 nuuc
664 1132 795 1211 conjugis
808 1140 870 1190 esto

107 1212 239 1289 Quisque
253 1231 313 1269 sure
328 1212 454 1288 tectique
468 1229 594 1269 memor:
616 1230 694 1269 nuuc
708 1231 813 1289 magns
824 1210 931 1270 referto
1029 1230 1033 1237 ·

106 1291 205 1367 Facta,
218 1300 329 1368 patrum
344 1291 460 1348 laudes:
483 1290 556 1348 ultro
570 1309 751 1348 occurramus
765 1291 800 1348 ad
814 1289 934 1366 undam,

107 1371 185 1427 Dum
200 1370 313 1448 trepidi,
325 1370 487 1445 egressique
501 1369 598 1427 labant
611 1369 731 1444 vestigia
743 1370 843 1446 prima.

106 1451 254 1507 Audentes
268 1448 377 1506 fortuma
386 1451 477 1527 juvat.

106 1528 180 1583 Haec
195 1528 249 1599 ait,
271 1536 300 1585 et
313 1546 409 1584 secum
423 1535 525 1601 versat,
540 1545 610 1601 quos
624 1527 728 1584 ducere
742 1524 849 1602 contrh,
873 1562 881 1575 ·

105 1605 163 1662 l'el
177 1606 280 1681 quibus
294 1604 425 1664 obsessos
438 1605 529 1681 possit
541 1605 711 1663 concredere
726 1624 832 1663 muros.

145 1685 257 1742 Interea
268 1685 377 1742 AEneas
391 1686 482 1742 socios
496 1684 532 1741 de
545 1684 689 1761 puppibus
703 1684 767 1743 altis

106 1763 245 1821 Pontibus
259 1765 385 1842 exponit
427 1763 515 1822 Multi
530 1782 641 1820 serrare
655 1782 798 1822 recursus-

106 1842 279 1918 Lunguentis
294 1843 398 1921 pelagi,
413 1851 443 1900 et
455 1842 589 1901 brevibus
603 1862 634 1899 se
648 1843 763 1900 credere
777 1841 849 1905 saltu
863 1861 873 1916 ς

106 1922 163 1979 Per
177 1942 269 1980 remos
283 1923 340 1981 alii.
384 1921 553 1999 Speculatus
567 1922 660 1980 littora
673 1921 797 1996 Tarcho,

107 2001 174 2071 Qui
187 2002 260 2059 rada
272 2020 331 2059 non
344 2001 460 2078 spirant,
474 2020 529 2058 nec
543 2000 629 2057 lracta
643 2006 833 2059 remurmurat
840 2000 930 2077 unda,

107 2080 163 2137 Sed
178 2099 255 2138 mare
269 2080 441 2137 inoffensum
456 2079 596 2137 crescenti
610 2078 741 2137 allabitur
754 2088 836 2156 tastu,

105 2159 235 2217 Advertit
248 2158 341 2217 subitb
354 2178 460 2236 proras,
475 2158 623 2235 sociosque
637 2167 783 2232 precatur:
810 2224 816 2233 ,

104 2237 135 2295 N
136 2256 201 2311 nnc,
215 2257 232 2295 o
246 2237 321 2295 lecta
333 2256 444 2312 manus,
459 2236 560 2294 validis
574 2236 730 2294 incumbite
744 2238 847 2312 remis,

104 2315 219 2389 Tollite,
234 2315 305 2373 serta
318 2324 410 2389 rates,
430 2316 576 2373 inimicam
590 2315 689 2372 findite
703 2317 799 2375 rostris

104 2393 189 2451 Hanc
204 2404 316 2470 terram,
331 2394 499 2471 sulcumque
513 2393 568 2451 sibi
581 2403 692 2470 premat
706 2395 768 2472 ipsa
780 2395 887 2454 carina.

104 2472 249 2549 Frangere
263 2492 317 2532 neo
331 2475 380 2533 tali
394 2475 512 2552 puppim
526 2474 646 2531 statione
660 2493 770 2550 recuso,

104 2554 225 2629 Arreptsi
240 2553 342 2612 tellure
356 2554 453 2612 semel.
497 2553 571 2624 Quae
586 2553 653 2610 talia
666 2562 818 2630 postquam
906 2600 909 2605 .

104 2630 216 2691 Effatus
230 2633 353 2709 Tarcho,
367 2633 437 2691 socii
451 2650 620 2707 consurgere
634 2633 732 2707 tonsis,

105 2710 333 2790 spumantesque
344 2722 418 2771 rates
433 2713 505 2770 arvis
519 2712 622 2770 inlerre
636 2712 745 2770 Latinis
757 2732 765 2785 ;

104 2790 208 2849 Donec
221 2800 309 2850 rostra
322 2801 421 2851 tenent
434 2792 550 2866 siccum,
566 2799 595 2848 et
608 2789 708 2849 sedere
722 2790 828 2849 carinae

105 2869 213 2928 Omnes
227 2871 375 2928 innocua:
397 2872 519 2929 sednon
532 2870 635 2947 puppis
649 2878 706 2944 tna,
721 2869 851 2942 Tarcho;
918 2941 923 2951 ⁶

103 2946 239 3024 Namque
253 2948 360 3007 inflicta
371 2950 451 3007 vadis
466 2949 548 3006 dorso
563 2950 631 3005 dum
645 2950 752 3025 pendet
764 2949 874 3024 iniquo,
977 2971 984 2985 ·

103 3027 230 3103 Anceps,
244 3034 401 3085 sustentata
414 3028 472 3102 diu,
485 3027 644 3103 fluctusque
657 3027 764 3104 fatigat,
889 3092 892 3097 ,

106 3102 241 3179 Solvitur,
256 3112 339 3181 atque
352 3106 428 3164 viros
442 3107 544 3164 mediis
559 3107 678 3183 exponit
689 3108 720 3164 in
734 3105 835 3177 undis;

103 3182 257 3259 Fragmins
270 3202 413 3242 remorum
427 3204 497 3261 quos
511 3194 540 3242 et
552 3185 692 3242 fluitantia
705 3194 824 3243 transtra

105 3262 279 3339 Impediunt,
294 3262 466 3339 retrahitque
480 3265 583 3340 pedem
597 3263 681 3320 simul
695 3266 773 3322 unda
786 3261 929 3323 relabens.

143 3343 174 3401 N
176 3360 209 3400 ec
223 3342 355 3400 Turnum
369 3343 465 3418 segnis
477 3343 580 3401 retinet
592 3362 689 3414 mora;
712 3343 763 3401 sed
776 3342 850 3419 rapit
863 3360 935 3403 acer

105 3421 209 3480 Totam
223 3422 312 3479 aciem
326 3421 355 3478 in
370 3421 509 3496 Teucros,
524 3430 553 3479 et
566 3419 663 3479 contri
677 3423 707 3478 in
720 3422 814 3480 littore
827 3421 911 3481 sistit.
1011 3474 1014 3479 .

106 3501 193 3577 Signa
206 3509 320 3559 canunt
361 3501 473 3559 Primus
486 3508 591 3558 turmas
604 3499 708 3559 invasit
721 3508 845 3576 agrestes

104 3580 224 3655 AEneas,
238 3599 323 3638 omen
336 3599 458 3656 pngnce;
480 3579 632 3654 stravitque
646 3580 773 3654 Latinos,

106 3657 211 3716 Occiso
225 3658 369 3733 Therone,
383 3659 476 3716 virtim
490 3658 539 3734 qui
553 3658 695 3715 maximus
708 3658 781 3717 ultro

102 3735 220 3797 AEnean
233 3738 321 3814 petit:
342 3736 410 3795 huic
424 3737 528 3813 gladio,
541 3754 648 3814 perque
663 3756 738 3797 aerea
750 3743 822 3811 suta,
