<?xml version="1.0" encoding="UTF-8"?>
<!DOCTYPE html PUBLIC "-//W3C//DTD XHTML 1.0 Transitional//EN"
    "http://www.w3.org/TR/xhtml1/DTD/xhtml1-transitional.dtd">
<html xmlns="http://www.w3.org/1999/xhtml" xml:lang="en" lang="en">
 <head>
  <title>
</title>
<meta http-equiv="Content-Type" content="text/html;charset=utf-8" />
  <meta name='ocr-system' content='tesseract 3.04.00' />
  <meta name='ocr-capabilities' content='ocr_page ocr_carea ocr_par ocr_line ocrx_word'/>
</head>
<body>
  <div class='ocr_page' id='page_1' title='image "./bucolicageorgic02virggoog/bucolicageorgic02virggoog_0157.png"; bbox 0 0 2370 4176; ppageno 0'>
   <div class='ocr_carea' id='block_1_1' title="bbox 113 160 698 221">
    <p class='ocr_par' dir='ltr' id='par_1_1' title="bbox 113 160 698 221">
     <span class='ocr_line' id='line_1_1' title="bbox 113 160 698 221; baseline 0.005 -4"><span class='ocrx_word' id='word_1_1' title='bbox 113 161 167 217; x_wconf 77' lang='lat' dir='ltr'><strong>lor</strong></span> <span class='ocrx_word' id='word_1_2' title='bbox 513 160 698 221; x_wconf 68' lang='lat' dir='ltr'><strong>ENEIDOS</strong></span> 
     </span>
    </p>
   </div>
   <div class='ocr_carea' id='block_1_2' title="bbox 44 309 1098 3144">
    <p class='ocr_par' dir='ltr' id='par_1_2' title="bbox 108 309 1098 1494">
     <span class='ocr_line' id='line_1_2' title="bbox 109 309 939 394; baseline 0.007 -22"><span class='ocrx_word' id='word_1_3' title='bbox 109 310 154 372; x_wconf 83' lang='lat' dir='ltr'><strong>Hi</strong></span> <span class='ocrx_word' id='word_1_4' title='bbox 165 311 314 390; x_wconf 87' lang='lat' dir='ltr'><strong>proprium</strong></span> <span class='ocrx_word' id='word_1_5' title='bbox 327 309 418 371; x_wconf 82' lang='lat' dir='ltr'><strong>decus</strong></span> <span class='ocrx_word' id='word_1_6' title='bbox 430 318 461 371; x_wconf 89' lang='lat' dir='ltr'><strong>et</strong></span> <span class='ocrx_word' id='word_1_7' title='bbox 472 319 587 390; x_wconf 80' lang='lat' dir='ltr'><strong>partum</strong></span> <span class='ocrx_word' id='word_1_8' title='bbox 600 311 786 394; x_wconf 77' lang='lat' dir='ltr'><strong>indignantur</strong></span> <span class='ocrx_word' id='word_1_9' title='bbox 797 313 939 378; x_wconf 79' lang='lat' dir='ltr'><strong>honorem</strong></span> 
     </span>
     <span class='ocr_line' id='line_1_3' title="bbox 109 382 1098 470; baseline 0.003 -20"><span class='ocrx_word' id='word_1_10' title='bbox 109 382 152 450; x_wconf 85' lang='lat' dir='ltr'><strong>Ni</strong></span> <span class='ocrx_word' id='word_1_11' title='bbox 166 399 294 468; x_wconf 77' lang='lat' dir='ltr'><strong>teneant,</strong></span> <span class='ocrx_word' id='word_1_12' title='bbox 307 389 454 469; x_wconf 80' lang='lat' dir='ltr'><strong>vitamque</strong></span> <span class='ocrx_word' id='word_1_13' title='bbox 467 390 569 449; x_wconf 86' lang='lat' dir='ltr'><strong>volunt</strong></span> <span class='ocrx_word' id='word_1_14' title='bbox 580 410 634 470; x_wconf 90' lang='lat' dir='ltr'><strong>pro</strong></span> <span class='ocrx_word' id='word_1_15' title='bbox 647 391 734 450; x_wconf 84' lang='lat' dir='ltr'><strong>lande</strong></span> <span class='ocrx_word' id='word_1_16' title='bbox 746 393 865 470; x_wconf 83' lang='lat' dir='ltr'><strong>pacisci.</strong></span> <span class='ocrx_word' id='word_1_17' title='bbox 1037 402 1098 459; x_wconf 72' lang='lat'><strong>280</strong></span> 
     </span>
     <span class='ocr_line' id='line_1_4' title="bbox 110 462 914 548; baseline 0.005 -20"><span class='ocrx_word' id='word_1_18' title='bbox 110 468 176 528; x_wconf 87' lang='lat' dir='ltr'><strong>Hos</strong></span> <span class='ocrx_word' id='word_1_19' title='bbox 189 488 341 529; x_wconf 81' lang='lat' dir='ltr'><strong>successus</strong></span> <span class='ocrx_word' id='word_1_20' title='bbox 353 469 422 528; x_wconf 80' lang='lat' dir='ltr'><strong>alit:</strong></span> <span class='ocrx_word' id='word_1_21' title='bbox 442 478 576 547; x_wconf 83' lang='lat' dir='ltr'><strong>possunt,</strong></span> <span class='ocrx_word' id='word_1_22' title='bbox 590 469 658 548; x_wconf 90' lang='lat' dir='ltr'><strong>quia</strong></span> <span class='ocrx_word' id='word_1_23' title='bbox 669 490 756 548; x_wconf 90' lang='lat' dir='ltr'><strong>posse</strong></span> <span class='ocrx_word' id='word_1_24' title='bbox 769 462 914 534; x_wconf 85' lang='lat' dir='ltr'><strong>videntur.</strong></span> 
     </span>
     <span class='ocr_line' id='line_1_5' title="bbox 110 546 771 627; baseline 0.003 -21"><span class='ocrx_word' id='word_1_25' title='bbox 110 546 152 608; x_wconf 86' lang='lat' dir='ltr'><strong>Et</strong></span> <span class='ocrx_word' id='word_1_26' title='bbox 164 547 222 607; x_wconf 82' lang='lat' dir='ltr'><strong>fors</strong></span> <span class='ocrx_word' id='word_1_27' title='bbox 235 549 357 627; x_wconf 70' lang='lat' dir='ltr'><strong>aequatis</strong></span> <span class='ocrx_word' id='word_1_28' title='bbox 371 548 518 627; x_wconf 71' lang='lat' dir='ltr'><strong>cepissent</strong></span> <span class='ocrx_word' id='word_1_29' title='bbox 529 549 652 627; x_wconf 71' lang='lat' dir='ltr'><strong>praemia</strong></span> <span class='ocrx_word' id='word_1_30' title='bbox 663 549 771 626; x_wconf 87' lang='lat' dir='ltr'><strong>rostris,</strong></span> 
     </span>
     <span class='ocr_line' id='line_1_6' title="bbox 109 626 839 706; baseline 0.007 -22"><span class='ocrx_word' id='word_1_31' title='bbox 109 626 152 685; x_wconf 90' lang='lat' dir='ltr'><strong>Ni</strong></span> <span class='ocrx_word' id='word_1_32' title='bbox 214 637 277 687; x_wconf 78' lang='lat' dir='ltr'><strong>mat</strong></span> <span class='ocrx_word' id='word_1_33' title='bbox 286 635 378 706; x_wconf 88' lang='lat' dir='ltr'><strong>ponto</strong></span> <span class='ocrx_word' id='word_1_34' title='bbox 391 626 515 687; x_wconf 89' lang='lat' dir='ltr'><strong>tendens</strong></span> <span class='ocrx_word' id='word_1_35' title='bbox 528 635 663 705; x_wconf 78' lang='lat' dir='ltr'><strong>utrasque</strong></span> <span class='ocrx_word' id='word_1_36' title='bbox 677 626 839 689; x_wconf 75' lang='lat' dir='ltr'><strong>Cloanthus</strong></span> 
     </span>
     <span class='ocr_line' id='line_1_7' title="bbox 109 706 874 784; baseline 0.005 -19"><span class='ocrx_word' id='word_1_37' title='bbox 109 706 136 765; x_wconf 82' lang='lat' dir='ltr'><strong>F</strong></span> <span class='ocrx_word' id='word_1_38' title='bbox 179 707 186 720; x_wconf 87' lang='lat'>&#39;</span> <span class='ocrx_word' id='word_1_39' title='bbox 235 715 303 783; x_wconf 87' lang='lat' dir='ltr'><strong>tque</strong></span> <span class='ocrx_word' id='word_1_40' title='bbox 316 724 429 784; x_wconf 86' lang='lat' dir='ltr'><strong>preces,</strong></span> <span class='ocrx_word' id='word_1_41' title='bbox 444 706 585 784; x_wconf 85' lang='lat' dir='ltr'><strong>divosque</strong></span> <span class='ocrx_word' id='word_1_42' title='bbox 598 706 628 764; x_wconf 93' lang='lat' dir='ltr'><strong>in</strong></span> <span class='ocrx_word' id='word_1_43' title='bbox 642 715 711 766; x_wconf 86' lang='lat' dir='ltr'><strong>vota</strong></span> <span class='ocrx_word' id='word_1_44' title='bbox 722 709 874 768; x_wconf 74' lang='lat' dir='ltr'><strong>sociasset:</strong></span> 
     </span>
     <span class='ocr_line' id='line_1_8' title="bbox 109 782 1096 867; baseline 0.008 -25"><span class='ocrx_word' id='word_1_45' title='bbox 109 782 160 859; x_wconf 91' lang='lat' dir='ltr'><strong>Di,</strong></span> <span class='ocrx_word' id='word_1_46' title='bbox 175 785 278 862; x_wconf 90' lang='lat' dir='ltr'><strong>quibus</strong></span> <span class='ocrx_word' id='word_1_47' title='bbox 292 786 445 863; x_wconf 83' lang='lat' dir='ltr'><strong>imperium</strong></span> <span class='ocrx_word' id='word_1_48' title='bbox 460 793 504 844; x_wconf 87' lang='lat' dir='ltr'><strong>est</strong></span> <span class='ocrx_word' id='word_1_49' title='bbox 537 785 622 861; x_wconf 88' lang='lat' dir='ltr'><strong>elagi,</strong></span> <span class='ocrx_word' id='word_1_50' title='bbox 636 804 760 861; x_wconf 92' lang='lat' dir='ltr'><strong>quorum</strong></span> <span class='ocrx_word' id='word_1_51' title='bbox 774 807 890 865; x_wconf 80' lang='lat' dir='ltr'><strong>aequora</strong></span> <span class='ocrx_word' id='word_1_52' title='bbox 902 809 996 867; x_wconf 88' lang='lat' dir='ltr'><strong>curro,</strong></span> <span class='ocrx_word' id='word_1_53' title='bbox 1036 795 1096 850; x_wconf 78' lang='lat'><strong>235</strong></span> 
     </span>
     <span class='ocr_line' id='line_1_9' title="bbox 109 804 997 941; baseline 0.009 -22"><span class='ocrx_word' id='word_1_54' title='bbox 109 861 202 921; x_wconf 82' lang='lat' dir='ltr'><strong>Vobis</strong></span> <span class='ocrx_word' id='word_1_55' title='bbox 216 864 299 923; x_wconf 88' lang='lat' dir='ltr'><strong>laetus</strong></span> <span class='ocrx_word' id='word_1_56' title='bbox 314 883 368 939; x_wconf 87' lang='lat' dir='ltr'><strong>ego</strong></span> <span class='ocrx_word' id='word_1_57' title='bbox 381 864 438 922; x_wconf 92' lang='lat' dir='ltr'><strong>hoc</strong></span> <span class='ocrx_word' id='word_1_58' title='bbox 452 804 627 923; x_wconf 76' lang='lat' dir='ltr'><strong>candentem</strong></span> <span class='ocrx_word' id='word_1_59' title='bbox 642 863 672 920; x_wconf 91' lang='lat' dir='ltr'><strong>in</strong></span> <span class='ocrx_word' id='word_1_60' title='bbox 686 863 781 924; x_wconf 89' lang='lat' dir='ltr'><strong>littore</strong></span> <span class='ocrx_word' id='word_1_61' title='bbox 794 875 908 927; x_wconf 89' lang='lat' dir='ltr'><strong>taurum</strong></span> <span class='ocrx_word' id='word_1_62' title='bbox 990 928 997 941; x_wconf 61' lang='grc'>,</span> 
     </span>
     <span class='ocr_line' id='line_1_10' title="bbox 109 941 866 1020; baseline 0.007 -20"><span class='ocrx_word' id='word_1_63' title='bbox 109 941 291 1000; x_wconf 86' lang='lat' dir='ltr'><strong>Constituam</strong></span> <span class='ocrx_word' id='word_1_64' title='bbox 304 950 371 1001; x_wconf 92' lang='lat' dir='ltr'><strong>ante</strong></span> <span class='ocrx_word' id='word_1_65' title='bbox 386 962 458 1018; x_wconf 88' lang='lat' dir='ltr'><strong>aras,</strong></span> <span class='ocrx_word' id='word_1_66' title='bbox 472 942 533 1000; x_wconf 90' lang='lat' dir='ltr'><strong>voti</strong></span> <span class='ocrx_word' id='word_1_67' title='bbox 546 961 623 1018; x_wconf 89' lang='lat' dir='ltr'><strong>reus,</strong></span> <span class='ocrx_word' id='word_1_68' title='bbox 638 950 761 1020; x_wconf 79' lang='lat' dir='ltr'><strong>extaque</strong></span> <span class='ocrx_word' id='word_1_69' title='bbox 775 944 866 1005; x_wconf 84' lang='lat' dir='ltr'><strong>salsos</strong></span> 
     </span>
     <span class='ocr_line' id='line_1_11' title="bbox 108 1020 858 1098; baseline 0.007 -20"><span class='ocrx_word' id='word_1_70' title='bbox 108 1020 266 1079; x_wconf 87' lang='lat' dir='ltr'><strong>Porriciam</strong></span> <span class='ocrx_word' id='word_1_71' title='bbox 280 1023 311 1080; x_wconf 90' lang='lat' dir='ltr'><strong>in</strong></span> <span class='ocrx_word' id='word_1_72' title='bbox 324 1021 438 1097; x_wconf 88' lang='lat' dir='ltr'><strong>fluctus,</strong></span> <span class='ocrx_word' id='word_1_73' title='bbox 453 1029 483 1080; x_wconf 94' lang='lat' dir='ltr'><strong>et</strong></span> <span class='ocrx_word' id='word_1_74' title='bbox 495 1021 564 1078; x_wconf 88' lang='lat' dir='ltr'><strong>vina</strong></span> <span class='ocrx_word' id='word_1_75' title='bbox 576 1021 717 1098; x_wconf 87' lang='lat' dir='ltr'><strong>liquentia</strong></span> <span class='ocrx_word' id='word_1_76' title='bbox 729 1022 858 1082; x_wconf 85' lang='lat' dir='ltr'><strong>fundam.</strong></span> 
     </span>
     <span class='ocr_line' id='line_1_12' title="bbox 109 1098 872 1178; baseline 0.005 -21"><span class='ocrx_word' id='word_1_77' title='bbox 109 1099 211 1158; x_wconf 84' lang='lat' dir='ltr'>Dixit:</span> <span class='ocrx_word' id='word_1_78' title='bbox 233 1119 359 1178; x_wconf 91' lang='lat' dir='ltr'><strong>eumque</strong></span> <span class='ocrx_word' id='word_1_79' title='bbox 374 1100 440 1158; x_wconf 90' lang='lat' dir='ltr'><strong>imis</strong></span> <span class='ocrx_word' id='word_1_80' title='bbox 455 1099 509 1158; x_wconf 94' lang='lat' dir='ltr'><strong>sub</strong></span> <span class='ocrx_word' id='word_1_81' title='bbox 523 1098 660 1158; x_wconf 88' lang='lat' dir='ltr'><strong>fluctibus</strong></span> <span class='ocrx_word' id='word_1_82' title='bbox 674 1101 764 1160; x_wconf 85' lang='lat' dir='ltr'><strong>audiit</strong></span> <span class='ocrx_word' id='word_1_83' title='bbox 778 1104 872 1162; x_wconf 89' lang='lat' dir='ltr'><strong>omnis</strong></span> 
     </span>
     <span class='ocr_line' id='line_1_13' title="bbox 108 1178 1098 1260; baseline 0.004 -23"><span class='ocrx_word' id='word_1_84' title='bbox 108 1178 272 1237; x_wconf 85' lang='lat' dir='ltr'><strong>Nereidum</strong></span> <span class='ocrx_word' id='word_1_85' title='bbox 287 1180 453 1256; x_wconf 85' lang='lat' dir='ltr'><strong>Phorcique</strong></span> <span class='ocrx_word' id='word_1_86' title='bbox 468 1179 584 1255; x_wconf 88' lang='lat' dir='ltr'><strong>chorus,</strong></span> <span class='ocrx_word' id='word_1_87' title='bbox 598 1180 794 1258; x_wconf 74' lang='lat' dir='ltr'><strong>Panopeaque</strong></span> <span class='ocrx_word' id='word_1_88' title='bbox 808 1183 908 1260; x_wconf 82' lang='lat' dir='ltr'><strong>virgo3</strong></span> <span class='ocrx_word' id='word_1_89' title='bbox 1037 1188 1098 1241; x_wconf 82' lang='lat'><strong>240</strong></span> 
     </span>
     <span class='ocr_line' id='line_1_14' title="bbox 109 1257 832 1351; baseline 0.006 -36"><span class='ocrx_word' id='word_1_90' title='bbox 109 1257 150 1316; x_wconf 91' lang='lat' dir='ltr'><strong>Et</strong></span> <span class='ocrx_word' id='word_1_91' title='bbox 162 1266 244 1334; x_wconf 90' lang='lat' dir='ltr'><strong>pater</strong></span> <span class='ocrx_word' id='word_1_92' title='bbox 256 1259 319 1351; x_wconf 90' lang='lat' dir='ltr'><strong>ipse</strong></span> <span class='ocrx_word' id='word_1_93' title='bbox 333 1278 421 1317; x_wconf 91' lang='lat' dir='ltr'><strong>manu</strong></span> <span class='ocrx_word' id='word_1_94' title='bbox 435 1258 540 1335; x_wconf 75' lang='lat' dir='ltr'><strong>magni</strong></span> <span class='ocrx_word' id='word_1_95' title='bbox 554 1258 700 1317; x_wconf 78' lang='lat' dir='ltr'><strong>Portunus</strong></span> <span class='ocrx_word' id='word_1_96' title='bbox 714 1269 832 1319; x_wconf 90' lang='lat' dir='ltr'><strong>euntem</strong></span> 
     </span>
     <span class='ocr_line' id='line_1_15' title="bbox 110 1334 811 1415; baseline 0.006 -21"><span class='ocrx_word' id='word_1_97' title='bbox 110 1336 247 1413; x_wconf 88' lang='lat' dir='ltr'><strong>impulit:</strong></span> <span class='ocrx_word' id='word_1_98' title='bbox 269 1337 319 1395; x_wconf 88' lang='lat' dir='ltr'><strong>rlla</strong></span> <span class='ocrx_word' id='word_1_99' title='bbox 331 1337 412 1396; x_wconf 86' lang='lat' dir='ltr'><strong>Noto</strong></span> <span class='ocrx_word' id='word_1_100' title='bbox 425 1334 512 1396; x_wconf 77' lang='lat' dir='ltr'><strong>citius</strong></span> <span class='ocrx_word' id='word_1_101' title='bbox 526 1337 693 1415; x_wconf 84' lang='lat' dir='ltr'><strong>volucrique</strong></span> <span class='ocrx_word' id='word_1_102' title='bbox 707 1339 811 1414; x_wconf 73' lang='lat' dir='ltr'><strong>sagitti</strong></span> 
     </span>
     <span class='ocr_line' id='line_1_16' title="bbox 109 1416 777 1494; baseline -0.001 -21"><span class='ocrx_word' id='word_1_103' title='bbox 109 1416 155 1473; x_wconf 90' lang='lat' dir='ltr'><strong>Ad</strong></span> <span class='ocrx_word' id='word_1_104' title='bbox 170 1423 272 1474; x_wconf 89' lang='lat' dir='ltr'><strong>terram</strong></span> <span class='ocrx_word' id='word_1_105' title='bbox 286 1416 368 1494; x_wconf 83' lang='lat' dir='ltr'><strong>fugit,</strong></span> <span class='ocrx_word' id='word_1_106' title='bbox 384 1425 414 1476; x_wconf 92' lang='lat' dir='ltr'><strong>et</strong></span> <span class='ocrx_word' id='word_1_107' title='bbox 424 1424 510 1494; x_wconf 91' lang='lat' dir='ltr'><strong>portu</strong></span> <span class='ocrx_word' id='word_1_108' title='bbox 524 1416 699 1474; x_wconf 81' lang='lat' dir='ltr'><strong>recondidit</strong></span> <span class='ocrx_word' id='word_1_109' title='bbox 713 1416 777 1474; x_wconf 87' lang='lat' dir='ltr'><strong>alto.</strong></span> 
     </span>
    </p>

    <p class='ocr_par' dir='ltr' id='par_1_3' title="bbox 44 1493 936 3144">
     <span class='ocr_line' id='line_1_17' title="bbox 149 1493 878 1570; baseline 0.001 -19"><span class='ocrx_word' id='word_1_110' title='bbox 149 1494 225 1552; x_wconf 89' lang='lat' dir='ltr'><strong>Tum</strong></span> <span class='ocrx_word' id='word_1_111' title='bbox 240 1503 318 1554; x_wconf 90' lang='lat' dir='ltr'><strong>satus</strong></span> <span class='ocrx_word' id='word_1_112' title='bbox 332 1495 472 1570; x_wconf 76' lang='lat' dir='ltr'><strong>Anchisa,</strong></span> <span class='ocrx_word' id='word_1_113' title='bbox 487 1493 600 1553; x_wconf 89' lang='lat' dir='ltr'><strong>cunetis</strong></span> <span class='ocrx_word' id='word_1_114' title='bbox 614 1512 652 1550; x_wconf 84' lang='lat' dir='ltr'><strong>ex</strong></span> <span class='ocrx_word' id='word_1_115' title='bbox 665 1512 745 1551; x_wconf 93' lang='lat' dir='ltr'><strong>more</strong></span> <span class='ocrx_word' id='word_1_116' title='bbox 759 1494 878 1570; x_wconf 84' lang='lat' dir='ltr'><strong>vocatis,</strong></span> 
     </span>
     <span class='ocr_line' id='line_1_18' title="bbox 108 1571 812 1649; baseline 0.001 -20"><span class='ocrx_word' id='word_1_117' title='bbox 108 1572 258 1630; x_wconf 85' lang='lat' dir='ltr'><strong>Victorem</strong></span> <span class='ocrx_word' id='word_1_118' title='bbox 273 1574 377 1648; x_wconf 74' lang='lat' dir='ltr'><strong>magni</strong></span> <span class='ocrx_word' id='word_1_119' title='bbox 391 1572 534 1649; x_wconf 87' lang='lat' dir='ltr'><strong>praeconis</strong></span> <span class='ocrx_word' id='word_1_120' title='bbox 547 1589 620 1629; x_wconf 86' lang='lat' dir='ltr'><strong>voce</strong></span> <span class='ocrx_word' id='word_1_121' title='bbox 635 1571 812 1630; x_wconf 90' lang='lat' dir='ltr'><strong>Cloanthum</strong></span> 
     </span>
     <span class='ocr_line' id='line_1_19' title="bbox 108 1649 797 1728; baseline 0 -20"><span class='ocrx_word' id='word_1_122' title='bbox 108 1650 255 1727; x_wconf 86' lang='lat' dir='ltr'><strong>Declarat,</strong></span> <span class='ocrx_word' id='word_1_123' title='bbox 270 1651 412 1728; x_wconf 89' lang='lat' dir='ltr'><strong>viridique</strong></span> <span class='ocrx_word' id='word_1_124' title='bbox 425 1649 542 1708; x_wconf 84' lang='lat' dir='ltr'><strong>advelat</strong></span> <span class='ocrx_word' id='word_1_125' title='bbox 554 1658 684 1726; x_wconf 87' lang='lat' dir='ltr'><strong>tempora</strong></span> <span class='ocrx_word' id='word_1_126' title='bbox 697 1649 797 1709; x_wconf 90' lang='lat' dir='ltr'><strong>lauro:</strong></span> 
     </span>
     <span class='ocr_line' id='line_1_20' title="bbox 108 1729 838 1807; baseline 0.001 -20"><span class='ocrx_word' id='word_1_127' title='bbox 108 1729 293 1807; x_wconf 89' lang='lat' dir='ltr'><strong>Muneraqne</strong></span> <span class='ocrx_word' id='word_1_128' title='bbox 306 1731 336 1788; x_wconf 91' lang='lat' dir='ltr'><strong>in</strong></span> <span class='ocrx_word' id='word_1_129' title='bbox 350 1748 450 1806; x_wconf 85' lang='lat' dir='ltr'><strong>naves,</strong></span> <span class='ocrx_word' id='word_1_130' title='bbox 465 1737 561 1787; x_wconf 91' lang='lat' dir='ltr'><strong>ternos</strong></span> <span class='ocrx_word' id='word_1_131' title='bbox 574 1735 675 1806; x_wconf 90' lang='lat' dir='ltr'><strong>optare</strong></span> <span class='ocrx_word' id='word_1_132' title='bbox 685 1731 838 1807; x_wconf 86' lang='lat' dir='ltr'><strong>juvencos,</strong></span> 
     </span>
     <span class='ocr_line' id='line_1_21' title="bbox 109 1807 890 1886; baseline 0.003 -22"><span class='ocrx_word' id='word_1_133' title='bbox 109 1807 254 1886; x_wconf 86' lang='lat' dir='ltr'><strong>Vinaque,</strong></span> <span class='ocrx_word' id='word_1_134' title='bbox 271 1817 300 1867; x_wconf 91' lang='lat' dir='ltr'><strong>et</strong></span> <span class='ocrx_word' id='word_1_135' title='bbox 313 1808 423 1884; x_wconf 89' lang='lat' dir='ltr'><strong>argenti</strong></span> <span class='ocrx_word' id='word_1_136' title='bbox 438 1828 576 1884; x_wconf 89' lang='lat' dir='ltr'><strong>magnum</strong></span> <span class='ocrx_word' id='word_1_137' title='bbox 590 1808 639 1865; x_wconf 90' lang='lat' dir='ltr'><strong>dat</strong></span> <span class='ocrx_word' id='word_1_138' title='bbox 651 1808 726 1866; x_wconf 88' lang='lat' dir='ltr'><strong>serre</strong></span> <span class='ocrx_word' id='word_1_139' title='bbox 740 1809 890 1869; x_wconf 73' lang='lat' dir='ltr'><strong>talentum.</strong></span> 
     </span>
     <span class='ocr_line' id='line_1_22' title="bbox 109 1886 792 1965; baseline 0.004 -21"><span class='ocrx_word' id='word_1_140' title='bbox 109 1887 185 1964; x_wconf 88' lang='lat' dir='ltr'><strong>Ipsis</strong></span> <span class='ocrx_word' id='word_1_141' title='bbox 198 1889 362 1965; x_wconf 88' lang='lat' dir='ltr'><strong>praecipuos</strong></span> <span class='ocrx_word' id='word_1_142' title='bbox 376 1887 541 1946; x_wconf 89' lang='lat' dir='ltr'><strong>ductoribus</strong></span> <span class='ocrx_word' id='word_1_143' title='bbox 556 1886 636 1945; x_wconf 87' lang='lat' dir='ltr'><strong>addit</strong></span> <span class='ocrx_word' id='word_1_144' title='bbox 648 1886 792 1947; x_wconf 86' lang='lat' dir='ltr'><strong>honores:</strong></span> 
     </span>
     <span class='ocr_line' id='line_1_23' title="bbox 108 1964 936 2042; baseline 0.005 -20"><span class='ocrx_word' id='word_1_145' title='bbox 108 1964 222 2025; x_wconf 86' lang='lat' dir='ltr'><strong>Victori</strong></span> <span class='ocrx_word' id='word_1_146' title='bbox 236 1966 420 2042; x_wconf 89' lang='lat' dir='ltr'><strong>chlamydem</strong></span> <span class='ocrx_word' id='word_1_147' title='bbox 435 1974 572 2039; x_wconf 86' lang='lat' dir='ltr'><strong>auratam,</strong></span> <span class='ocrx_word' id='word_1_148' title='bbox 587 1984 675 2041; x_wconf 89' lang='lat' dir='ltr'><strong>quam</strong></span> <span class='ocrx_word' id='word_1_149' title='bbox 689 1966 814 2042; x_wconf 87' lang='lat' dir='ltr'><strong>plurima</strong></span> <span class='ocrx_word' id='word_1_150' title='bbox 828 1968 936 2027; x_wconf 82' lang='lat' dir='ltr'><strong>circum</strong></span> 
     </span>
     <span class='ocr_line' id='line_1_24' title="bbox 108 2043 845 2122; baseline 0.003 -20"><span class='ocrx_word' id='word_1_151' title='bbox 108 2044 240 2122; x_wconf 87' lang='lat' dir='ltr'><strong>Purpura</strong></span> <span class='ocrx_word' id='word_1_152' title='bbox 254 2045 406 2103; x_wconf 88' lang='lat' dir='ltr'><strong>Maeandro</strong></span> <span class='ocrx_word' id='word_1_153' title='bbox 420 2044 528 2121; x_wconf 86' lang='lat' dir='ltr'><strong>duplici</strong></span> <span class='ocrx_word' id='word_1_154' title='bbox 542 2043 684 2101; x_wconf 88' lang='lat' dir='ltr'><strong>Meliboea</strong></span> <span class='ocrx_word' id='word_1_155' title='bbox 697 2046 845 2104; x_wconf 87' lang='lat' dir='ltr'><strong>cucurrit:</strong></span> 
     </span>
     <span class='ocr_line' id='line_1_25' title="bbox 109 2121 714 2200; baseline -0.005 -20"><span class='ocrx_word' id='word_1_156' title='bbox 109 2123 299 2200; x_wconf 78' lang='lat' dir='ltr'><strong>Intentusque</strong></span> <span class='ocrx_word' id='word_1_157' title='bbox 313 2143 387 2200; x_wconf 89' lang='lat' dir='ltr'><strong>puer</strong></span> <span class='ocrx_word' id='word_1_158' title='bbox 400 2122 536 2179; x_wconf 70' lang='lat' dir='ltr'><strong>frondosi</strong></span> <span class='ocrx_word' id='word_1_159' title='bbox 547 2122 645 2196; x_wconf 89' lang='lat' dir='ltr'><strong>regius</strong></span> <span class='ocrx_word' id='word_1_160' title='bbox 660 2121 714 2178; x_wconf 81' lang='lat' dir='ltr'><strong>Ida</strong></span> 
     </span>
     <span class='ocr_line' id='line_1_26' title="bbox 108 2197 740 2280; baseline -0.008 -20"><span class='ocrx_word' id='word_1_161' title='bbox 108 2201 235 2261; x_wconf 89' lang='lat' dir='ltr'><strong>Veloces</strong></span> <span class='ocrx_word' id='word_1_162' title='bbox 246 2202 344 2280; x_wconf 91' lang='lat' dir='ltr'><strong>jaculo</strong></span> <span class='ocrx_word' id='word_1_163' title='bbox 358 2218 459 2259; x_wconf 89' lang='lat' dir='ltr'><strong>cervos</strong></span> <span class='ocrx_word' id='word_1_164' title='bbox 473 2217 617 2274; x_wconf 89' lang='lat' dir='ltr'><strong>cursuque</strong></span> <span class='ocrx_word' id='word_1_165' title='bbox 631 2197 740 2276; x_wconf 78' lang='lat' dir='ltr'><strong>fatigat,</strong></span> 
     </span>
     <span class='ocr_line' id='line_1_27' title="bbox 107 2278 845 2356; baseline -0.003 -18"><span class='ocrx_word' id='word_1_166' title='bbox 107 2282 194 2355; x_wconf 83' lang='lat' dir='ltr'><strong>Acer,</strong></span> <span class='ocrx_word' id='word_1_167' title='bbox 210 2279 357 2337; x_wconf 86' lang='lat' dir='ltr'><strong>anhelanti</strong></span> <span class='ocrx_word' id='word_1_168' title='bbox 371 2278 491 2351; x_wconf 88' lang='lat' dir='ltr'><strong>similis;</strong></span> <span class='ocrx_word' id='word_1_169' title='bbox 513 2296 599 2356; x_wconf 89' lang='lat' dir='ltr'><strong>quem</strong></span> <span class='ocrx_word' id='word_1_170' title='bbox 613 2297 726 2355; x_wconf 85' lang='lat' dir='ltr'><strong>praepes</strong></span> <span class='ocrx_word' id='word_1_171' title='bbox 741 2278 777 2336; x_wconf 89' lang='lat' dir='ltr'><strong>ab</strong></span> <span class='ocrx_word' id='word_1_172' title='bbox 792 2279 845 2350; x_wconf 80' lang='lat' dir='ltr'><strong>Idri</strong></span> 
     </span>
     <span class='ocr_line' id='line_1_28' title="bbox 44 2356 864 2435; baseline 0 -19"><span class='ocrx_word' id='word_1_173' title='bbox 44 2372 48 2379; x_wconf 85' lang='lat'>&#39;</span> <span class='ocrx_word' id='word_1_174' title='bbox 110 2356 271 2416; x_wconf 88' lang='lat' dir='ltr'><strong>Sublimem</strong></span> <span class='ocrx_word' id='word_1_175' title='bbox 285 2357 408 2435; x_wconf 91' lang='lat' dir='ltr'><strong>pedibus</strong></span> <span class='ocrx_word' id='word_1_176' title='bbox 423 2357 516 2434; x_wconf 85' lang='lat' dir='ltr'><strong>rapuit</strong></span> <span class='ocrx_word' id='word_1_177' title='bbox 527 2357 609 2415; x_wconf 92' lang='lat' dir='ltr'><strong>Jovis</strong></span> <span class='ocrx_word' id='word_1_178' title='bbox 624 2358 748 2433; x_wconf 83' lang='lat' dir='ltr'><strong>armiger</strong></span> <span class='ocrx_word' id='word_1_179' title='bbox 761 2359 864 2432; x_wconf 79' lang='lat' dir='ltr'><strong>uncis3</strong></span> 
     </span>
     <span class='ocr_line' id='line_1_29' title="bbox 109 2435 879 2514; baseline 0.003 -20"><span class='ocrx_word' id='word_1_180' title='bbox 109 2437 248 2513; x_wconf 85' lang='lat' dir='ltr'><strong>Longaevi</strong></span> <span class='ocrx_word' id='word_1_181' title='bbox 262 2436 372 2514; x_wconf 88' lang='lat' dir='ltr'><strong>palmas</strong></span> <span class='ocrx_word' id='word_1_182' title='bbox 385 2436 582 2513; x_wconf 88' lang='lat' dir='ltr'><strong>nequidquam</strong></span> <span class='ocrx_word' id='word_1_183' title='bbox 597 2435 632 2492; x_wconf 92' lang='lat' dir='ltr'><strong>ad</strong></span> <span class='ocrx_word' id='word_1_184' title='bbox 647 2436 740 2494; x_wconf 82' lang='lat' dir='ltr'><strong>sidem</strong></span> <span class='ocrx_word' id='word_1_185' title='bbox 755 2439 879 2498; x_wconf 86' lang='lat' dir='ltr'><strong>tendunt</strong></span> 
     </span>
     <span class='ocr_line' id='line_1_30' title="bbox 108 2514 817 2591; baseline 0.003 -18"><span class='ocrx_word' id='word_1_186' title='bbox 108 2515 263 2591; x_wconf 84' lang='lat' dir='ltr'><strong>Custodes,</strong></span> <span class='ocrx_word' id='word_1_187' title='bbox 278 2516 416 2591; x_wconf 88' lang='lat' dir='ltr'><strong>saevitque</strong></span> <span class='ocrx_word' id='word_1_188' title='bbox 430 2534 536 2573; x_wconf 86' lang='lat' dir='ltr'><strong>canum</strong></span> <span class='ocrx_word' id='word_1_189' title='bbox 549 2514 667 2573; x_wconf 91' lang='lat' dir='ltr'><strong>latratus</strong></span> <span class='ocrx_word' id='word_1_190' title='bbox 681 2516 711 2573; x_wconf 90' lang='lat' dir='ltr'><strong>in</strong></span> <span class='ocrx_word' id='word_1_191' title='bbox 726 2535 817 2575; x_wconf 92' lang='lat' dir='ltr'><strong>auras.</strong></span> 
     </span>
     <span class='ocr_line' id='line_1_31' title="bbox 106 2594 865 2673; baseline 0.003 -20"><span class='ocrx_word' id='word_1_192' title='bbox 106 2597 156 2668; x_wconf 89' lang='lat' dir='ltr'><strong>At,</strong></span> <span class='ocrx_word' id='word_1_193' title='bbox 172 2595 222 2673; x_wconf 94' lang='lat' dir='ltr'><strong>qui</strong></span> <span class='ocrx_word' id='word_1_194' title='bbox 237 2595 342 2652; x_wconf 90' lang='lat' dir='ltr'><strong>deinde</strong></span> <span class='ocrx_word' id='word_1_195' title='bbox 355 2595 453 2652; x_wconf 92' lang='lat' dir='ltr'><strong>locum</strong></span> <span class='ocrx_word' id='word_1_196' title='bbox 467 2594 561 2654; x_wconf 86' lang='lat' dir='ltr'><strong>tenuit</strong></span> <span class='ocrx_word' id='word_1_197' title='bbox 573 2594 680 2652; x_wconf 84' lang='lat' dir='ltr'><strong>virtute</strong></span> <span class='ocrx_word' id='word_1_198' title='bbox 695 2595 865 2672; x_wconf 85' lang='lat' dir='ltr'><strong>secuudum,</strong></span> 
     </span>
     <span class='ocr_line' id='line_1_32' title="bbox 107 2670 878 2751; baseline 0.004 -19"><span class='ocrx_word' id='word_1_199' title='bbox 107 2670 236 2732; x_wconf 87' lang='lat' dir='ltr'><strong>Levibus</strong></span> <span class='ocrx_word' id='word_1_200' title='bbox 250 2674 318 2732; x_wconf 91' lang='lat' dir='ltr'><strong>huic</strong></span> <span class='ocrx_word' id='word_1_201' title='bbox 331 2674 425 2732; x_wconf 89' lang='lat' dir='ltr'><strong>hamis</strong></span> <span class='ocrx_word' id='word_1_202' title='bbox 439 2680 600 2733; x_wconf 83' lang='lat' dir='ltr'><strong>consertam</strong></span> <span class='ocrx_word' id='word_1_203' title='bbox 615 2693 742 2751; x_wconf 90' lang='lat' dir='ltr'><strong>auroque</strong></span> <span class='ocrx_word' id='word_1_204' title='bbox 755 2673 878 2735; x_wconf 89' lang='lat' dir='ltr'><strong>trilicem</strong></span> 
     </span>
     <span class='ocr_line' id='line_1_33' title="bbox 107 2752 765 2830; baseline 0 -19"><span class='ocrx_word' id='word_1_205' title='bbox 107 2752 252 2828; x_wconf 88' lang='lat' dir='ltr'><strong>Loricam,</strong></span> <span class='ocrx_word' id='word_1_206' title='bbox 268 2773 354 2830; x_wconf 89' lang='lat' dir='ltr'><strong>quam</strong></span> <span class='ocrx_word' id='word_1_207' title='bbox 368 2753 512 2812; x_wconf 92' lang='lat' dir='ltr'><strong>Demoleo</strong></span> <span class='ocrx_word' id='word_1_208' title='bbox 526 2754 689 2811; x_wconf 88' lang='lat' dir='ltr'><strong>detraxerat</strong></span> <span class='ocrx_word' id='word_1_209' title='bbox 701 2754 765 2830; x_wconf 89' lang='lat' dir='ltr'><strong>ipse</strong></span> 
     </span>
     <span class='ocr_line' id='line_1_34' title="bbox 107 2831 834 2909; baseline 0.001 -20"><span class='ocrx_word' id='word_1_210' title='bbox 107 2831 211 2891; x_wconf 92' lang='lat' dir='ltr'><strong>Victor</strong></span> <span class='ocrx_word' id='word_1_211' title='bbox 225 2834 303 2909; x_wconf 92' lang='lat' dir='ltr'><strong>apud</strong></span> <span class='ocrx_word' id='word_1_212' title='bbox 316 2833 448 2909; x_wconf 89' lang='lat' dir='ltr'><strong>rapidum</strong></span> <span class='ocrx_word' id='word_1_213' title='bbox 465 2833 615 2891; x_wconf 72' lang='lat' dir='ltr'><strong>Simoenta</strong></span> <span class='ocrx_word' id='word_1_214' title='bbox 628 2831 682 2888; x_wconf 92' lang='lat' dir='ltr'><strong>sub</strong></span> <span class='ocrx_word' id='word_1_215' title='bbox 698 2831 752 2889; x_wconf 88' lang='lat' dir='ltr'><strong>llio</strong></span> <span class='ocrx_word' id='word_1_216' title='bbox 767 2831 834 2908; x_wconf 88' lang='lat' dir='ltr'><strong>alto,</strong></span> 
     </span>
     <span class='ocr_line' id='line_1_35' title="bbox 108 2909 855 2985; baseline -0.003 -17"><span class='ocrx_word' id='word_1_217' title='bbox 108 2910 208 2969; x_wconf 88' lang='lat' dir='ltr'><strong>Donat</strong></span> <span class='ocrx_word' id='word_1_218' title='bbox 221 2910 328 2968; x_wconf 88' lang='lat' dir='ltr'><strong>habere</strong></span> <span class='ocrx_word' id='word_1_219' title='bbox 341 2911 413 2985; x_wconf 86' lang='lat' dir='ltr'><strong>viro,</strong></span> <span class='ocrx_word' id='word_1_220' title='bbox 428 2912 518 2970; x_wconf 89' lang='lat' dir='ltr'><strong>decus</strong></span> <span class='ocrx_word' id='word_1_221' title='bbox 531 2919 562 2968; x_wconf 89' lang='lat' dir='ltr'><strong>et</strong></span> <span class='ocrx_word' id='word_1_222' title='bbox 575 2917 703 2968; x_wconf 87' lang='lat' dir='ltr'><strong>tutamen</strong></span> <span class='ocrx_word' id='word_1_223' title='bbox 714 2909 744 2966; x_wconf 90' lang='lat' dir='ltr'><strong>in</strong></span> <span class='ocrx_word' id='word_1_224' title='bbox 759 2909 855 2968; x_wconf 82' lang='lat' dir='ltr'><strong>armis</strong></span> 
     </span>
     <span class='ocr_line' id='line_1_36' title="bbox 107 2987 859 3069; baseline 0.004 -24"><span class='ocrx_word' id='word_1_225' title='bbox 107 2988 169 3069; x_wconf 84' lang='lat' dir='ltr'><strong>Vix</strong></span> <span class='ocrx_word' id='word_1_226' title='bbox 183 2989 262 3045; x_wconf 89' lang='lat' dir='ltr'><strong>illam</strong></span> <span class='ocrx_word' id='word_1_227' title='bbox 276 2988 376 3045; x_wconf 84' lang='lat' dir='ltr'><strong>famuli</strong></span> <span class='ocrx_word' id='word_1_228' title='bbox 390 2989 527 3064; x_wconf 83' lang='lat' dir='ltr'><strong>Phegeus</strong></span> <span class='ocrx_word' id='word_1_229' title='bbox 543 2988 714 3066; x_wconf 84' lang='lat' dir='ltr'><strong>Sagarisque</strong></span> <span class='ocrx_word' id='word_1_230' title='bbox 728 2987 859 3048; x_wconf 86' lang='lat' dir='ltr'><strong>serebant</strong></span> 
     </span>
     <span class='ocr_line' id='line_1_37' title="bbox 106 3066 874 3144; baseline 0 -19"><span class='ocrx_word' id='word_1_231' title='bbox 106 3066 314 3144; x_wconf 88' lang='lat' dir='ltr'><strong>Multiplicem,</strong></span> <span class='ocrx_word' id='word_1_232' title='bbox 330 3067 447 3123; x_wconf 82' lang='lat' dir='ltr'><strong>connixi</strong></span> <span class='ocrx_word' id='word_1_233' title='bbox 460 3066 608 3141; x_wconf 80' lang='lat' dir='ltr'><strong>humeris3</strong></span> <span class='ocrx_word' id='word_1_234' title='bbox 630 3068 749 3126; x_wconf 89' lang='lat' dir='ltr'><strong>indutus</strong></span> <span class='ocrx_word' id='word_1_235' title='bbox 763 3076 792 3127; x_wconf 90' lang='lat' dir='ltr'><strong>at</strong></span> <span class='ocrx_word' id='word_1_236' title='bbox 804 3068 874 3126; x_wconf 89' lang='lat' dir='ltr'><strong>olim</strong></span> 
     </span>
    </p>
   </div>
   <div class='ocr_carea' id='block_1_3' title="bbox 5 3144 744 3222">
    <p class='ocr_par' dir='ltr' id='par_1_4' title="bbox 5 3144 744 3222">
     <span class='ocr_line' id='line_1_38' title="bbox 5 3144 744 3222; baseline 0.004 -20"><span class='ocrx_word' id='word_1_237' title='bbox 5 3161 9 3165; x_wconf 88' lang='grc'><strong>’</strong></span> <span class='ocrx_word' id='word_1_238' title='bbox 107 3145 267 3203; x_wconf 91' lang='lat' dir='ltr'><strong>Demoleus</strong></span> <span class='ocrx_word' id='word_1_239' title='bbox 282 3163 369 3202; x_wconf 88' lang='lat' dir='ltr'><strong>cursu</strong></span> <span class='ocrx_word' id='word_1_240' title='bbox 382 3144 513 3221; x_wconf 90' lang='lat' dir='ltr'><strong>palantes</strong></span> <span class='ocrx_word' id='word_1_241' title='bbox 527 3147 618 3205; x_wconf 88' lang='lat' dir='ltr'><strong>Troas</strong></span> <span class='ocrx_word' id='word_1_242' title='bbox 633 3146 744 3222; x_wconf 86' lang='lat' dir='ltr'><strong>agebat.</strong></span> 
     </span>
    </p>
   </div>
   <div class='ocr_carea' id='block_1_4' title="bbox 108 3222 778 3301">
    <p class='ocr_par' dir='ltr' id='par_1_5' title="bbox 108 3222 778 3301">
     <span class='ocr_line' id='line_1_39' title="bbox 108 3222 778 3301; baseline 0.003 -19"><span class='ocrx_word' id='word_1_243' title='bbox 108 3224 207 3282; x_wconf 90' lang='lat' dir='ltr'><strong>Tertia</strong></span> <span class='ocrx_word' id='word_1_244' title='bbox 221 3224 297 3281; x_wconf 93' lang='lat' dir='ltr'><strong>dona</strong></span> <span class='ocrx_word' id='word_1_245' title='bbox 309 3222 377 3280; x_wconf 88' lang='lat' dir='ltr'><strong>sacit</strong></span> <span class='ocrx_word' id='word_1_246' title='bbox 390 3224 521 3298; x_wconf 90' lang='lat' dir='ltr'><strong>geminos</strong></span> <span class='ocrx_word' id='word_1_247' title='bbox 535 3244 574 3283; x_wconf 86' lang='lat' dir='ltr'><strong>ex</strong></span> <span class='ocrx_word' id='word_1_248' title='bbox 588 3245 644 3283; x_wconf 85' lang='lat' dir='ltr'><strong>rere</strong></span> <span class='ocrx_word' id='word_1_249' title='bbox 658 3225 778 3301; x_wconf 86' lang='lat' dir='ltr'><strong>lebetas,</strong></span> 
     </span>
    </p>
   </div>
   <div class='ocr_carea' id='block_1_5' title="bbox 106 3302 897 3775">
    <p class='ocr_par' dir='ltr' id='par_1_6' title="bbox 106 3302 897 3463">
     <span class='ocr_line' id='line_1_40' title="bbox 107 3302 897 3439; baseline 0.001 -78"><span class='ocrx_word' id='word_1_250' title='bbox 107 3303 289 3380; x_wconf 83' lang='lat' dir='ltr'><strong>Cymbiaque</strong></span> <span class='ocrx_word' id='word_1_251' title='bbox 303 3310 420 3377; x_wconf 87' lang='lat' dir='ltr'><strong>argento</strong></span> <span class='ocrx_word' id='word_1_252' title='bbox 433 3302 569 3379; x_wconf 79' lang='lat' dir='ltr'><strong>perfecta,</strong></span> <span class='ocrx_word' id='word_1_253' title='bbox 585 3311 669 3439; x_wconf 82' lang='lat' dir='ltr'><strong>atque</strong></span> <span class='ocrx_word' id='word_1_254' title='bbox 684 3323 785 3382; x_wconf 79' lang='lat' dir='ltr'><strong>aspera</strong></span> <span class='ocrx_word' id='word_1_255' title='bbox 814 3303 821 3318; x_wconf 86' lang='lat'>&#39;</span> <span class='ocrx_word' id='word_1_256' title='bbox 865 3303 897 3364; x_wconf 82' lang='grc' dir='ltr'><strong>ἰ.</strong></span> 
     </span>
     <span class='ocr_line' id='line_1_41' title="bbox 106 3377 873 3463; baseline 0.004 -24"><span class='ocrx_word' id='word_1_257' title='bbox 106 3381 230 3461; x_wconf 88' lang='lat' dir='ltr'><strong>Jamque</strong></span> <span class='ocrx_word' id='word_1_258' title='bbox 246 3377 318 3439; x_wconf 80' lang='lat' dir='ltr'><strong>adab</strong></span> <span class='ocrx_word' id='word_1_259' title='bbox 333 3380 431 3439; x_wconf 89' lang='lat' dir='ltr'><strong>donati</strong></span> <span class='ocrx_word' id='word_1_260' title='bbox 443 3400 555 3456; x_wconf 89' lang='lat' dir='ltr'><strong>omnes,</strong></span> <span class='ocrx_word' id='word_1_261' title='bbox 570 3383 619 3459; x_wconf 94' lang='lat' dir='ltr'><strong>opi</strong></span> <span class='ocrx_word' id='word_1_262' title='bbox 639 3402 732 3460; x_wconf 90' lang='lat' dir='ltr'><strong>usque</strong></span> <span class='ocrx_word' id='word_1_263' title='bbox 745 3383 873 3463; x_wconf 76' lang='lat' dir='ltr'><strong>superi,</strong></span> 
     </span>
    </p>

    <p class='ocr_par' dir='ltr' id='par_1_7' title="bbox 107 3459 727 3536">
     <span class='ocr_line' id='line_1_42' title="bbox 107 3459 727 3536; baseline 0 -17"><span class='ocrx_word' id='word_1_264' title='bbox 107 3460 245 3520; x_wconf 68' lang='lat' dir='ltr'><strong>Pumiceis</strong></span> <span class='ocrx_word' id='word_1_265' title='bbox 257 3460 339 3519; x_wconf 91' lang='lat' dir='ltr'><strong>ibant</strong></span> <span class='ocrx_word' id='word_1_266' title='bbox 353 3459 458 3518; x_wconf 89' lang='lat' dir='ltr'><strong>evincti</strong></span> <span class='ocrx_word' id='word_1_267' title='bbox 471 3468 601 3536; x_wconf 88' lang='lat' dir='ltr'><strong>tempora</strong></span> <span class='ocrx_word' id='word_1_268' title='bbox 614 3463 708 3520; x_wconf 74' lang='lat' dir='ltr'><strong>taeniis</strong></span> <span class='ocrx_word' id='word_1_269' title='bbox 719 3482 727 3535; x_wconf 79' lang='lat'>3</span> 
     </span>
    </p>

    <p class='ocr_par' dir='ltr' id='par_1_8' title="bbox 109 3537 877 3617">
     <span class='ocr_line' id='line_1_43' title="bbox 109 3537 877 3617; baseline 0.003 -19"><span class='ocrx_word' id='word_1_270' title='bbox 109 3540 220 3615; x_wconf 78' lang='lat' dir='ltr'><strong>Quum,</strong></span> <span class='ocrx_word' id='word_1_271' title='bbox 236 3559 314 3598; x_wconf 86' lang='lat' dir='ltr'><strong>saevo</strong></span> <span class='ocrx_word' id='word_1_272' title='bbox 328 3559 345 3597; x_wconf 89' lang='lat' dir='ltr'><strong>e</strong></span> <span class='ocrx_word' id='word_1_273' title='bbox 360 3539 477 3617; x_wconf 92' lang='lat' dir='ltr'><strong>scopulo</strong></span> <span class='ocrx_word' id='word_1_274' title='bbox 492 3537 582 3617; x_wconf 77' lang='lat' dir='ltr'><strong>multi</strong></span> <span class='ocrx_word' id='word_1_275' title='bbox 595 3539 647 3597; x_wconf 86' lang='lat' dir='ltr'><strong>vix</strong></span> <span class='ocrx_word' id='word_1_276' title='bbox 659 3548 720 3598; x_wconf 89' lang='lat' dir='ltr'><strong>arte</strong></span> <span class='ocrx_word' id='word_1_277' title='bbox 734 3542 877 3616; x_wconf 87' lang='lat' dir='ltr'><strong>revulsus,</strong></span> 
     </span>
    </p>

    <p class='ocr_par' dir='ltr' id='par_1_9' title="bbox 106 3617 758 3696">
     <span class='ocr_line' id='line_1_44' title="bbox 106 3617 758 3696; baseline 0.003 -21"><span class='ocrx_word' id='word_1_278' title='bbox 106 3620 232 3676; x_wconf 81' lang='lat' dir='ltr'><strong>Amissis</strong></span> <span class='ocrx_word' id='word_1_279' title='bbox 245 3618 342 3695; x_wconf 85' lang='lat' dir='ltr'><strong>remis,</strong></span> <span class='ocrx_word' id='word_1_280' title='bbox 358 3627 442 3696; x_wconf 84' lang='lat' dir='ltr'><strong>utque</strong></span> <span class='ocrx_word' id='word_1_281' title='bbox 456 3617 557 3676; x_wconf 80' lang='lat' dir='ltr'><strong>ordine</strong></span> <span class='ocrx_word' id='word_1_282' title='bbox 571 3617 675 3676; x_wconf 90' lang='lat' dir='ltr'><strong>debilis</strong></span> <span class='ocrx_word' id='word_1_283' title='bbox 688 3637 758 3694; x_wconf 89' lang='lat' dir='ltr'><strong>uno,</strong></span> 
     </span>
    </p>

    <p class='ocr_par' dir='ltr' id='par_1_10' title="bbox 106 3695 821 3775">
     <span class='ocr_line' id='line_1_45' title="bbox 106 3695 821 3775; baseline 0.004 -21"><span class='ocrx_word' id='word_1_284' title='bbox 106 3696 224 3755; x_wconf 85' lang='lat' dir='ltr'><strong>lrrisam</strong></span> <span class='ocrx_word' id='word_1_285' title='bbox 238 3696 301 3755; x_wconf 90' lang='lat' dir='ltr'><strong>sine</strong></span> <span class='ocrx_word' id='word_1_286' title='bbox 314 3698 424 3757; x_wconf 91' lang='lat' dir='ltr'><strong>bonore</strong></span> <span class='ocrx_word' id='word_1_287' title='bbox 438 3705 528 3758; x_wconf 86' lang='lat' dir='ltr'><strong>ratem</strong></span> <span class='ocrx_word' id='word_1_288' title='bbox 541 3695 694 3775; x_wconf 87' lang='lat' dir='ltr'><strong>Sergestus</strong></span> <span class='ocrx_word' id='word_1_289' title='bbox 708 3696 821 3775; x_wconf 69' lang='lat' dir='ltr'><strong>agebat</strong></span> 
     </span>
    </p>
   </div>
   <div class='ocr_carea' id='block_1_6' title="bbox 0 0 1190 4176">
    <p class='ocr_par' dir='ltr' id='par_1_11' title="bbox 0 0 1190 4176">
     <span class='ocr_line' id='line_1_46' title="bbox 0 0 1190 4176; baseline 0 1"><span class='ocrx_word' id='word_1_290' title='bbox 0 0 1190 4176; x_wconf 95' lang='lat' dir='ltr'><strong> </strong></span> 
     </span>
    </p>
   </div>
  </div>
 </body>
</html>
