2400 4178
477 208 592 267 LIBER
610 209 674 267 vu.
733 162 744 189 ἱ

96 363 164 421 Hoc
177 369 257 440 pater
270 361 415 423 Anchises
430 378 497 422 euro
511 361 619 419 libabat
633 360 669 419 ad
682 379 762 420 eras:

97 443 164 500 Hoc
177 442 284 499 Priami
297 450 444 517 gestamen
459 450 528 515 crat,
543 459 632 516 quum
643 442 709 519 jura
721 440 829 498 vocatis

65 572 73 585 ,
97 522 182 579 More
196 522 276 579 daret
288 520 421 598 populis3
443 528 657 597 sceptrumque,
672 538 810 596 sacerque
824 519 918 596 tiaras,

98 600 278 676 Iliadumque
292 600 371 658 labor
384 606 521 657 vestes.

137 621 256 738 Talibiis
271 679 374 739 Ilionei
388 678 481 753 dictis,
496 679 592 736 defixa
605 677 726 738 Latinus

48 786 52 791 ·
98 758 208 817 Obtutu
223 766 301 817 tenet
315 778 372 833 ora,
388 757 505 834 soloque
519 757 674 815 immobilis
689 757 788 832 haeret,

98 838 227 896 Intentos
241 839 360 897 volvens
375 837 493 896 oculos:
514 855 570 894 nee
583 855 708 913 purpura
722 855 819 912 regem

97 917 180 975 Picta
193 926 299 994 movet,
313 936 368 975 neo
382 924 495 992 sceptra
508 924 626 973 movent
638 915 783 973 Priameia
795 913 916 991 tanturn,

98 995 270 1090 Quantum
262 1018 292 1055 rn
307 995 450 1055 connubio
464 1002 539 1053 uatae
553 993 736 1070 thalamoque
750 1004 893 1054 moratur:

98 1076 200 1134 Ett
152 1084 200 1134 vet
201 1077 256 1134 eris
270 1075 365 1133 Fauni
379 1073 468 1133 volvit
481 1073 534 1131 sub
548 1081 667 1150 pectore
677 1081 793 1131 sortem

98 1155 187 1213 Hunc
201 1155 282 1212 illum
296 1153 425 1212 satist
375 1161 425 1212 ext
426 1153 495 1211 erud
510 1153 544 1211 ab
559 1153 628 1211 sede
641 1152 800 1230 profectum

97 1234 234 1292 Portendi
248 1252 396 1310 generum,
411 1232 605 1324 paribusque
597 1251 628 1288 ιιι
642 1251 730 1307 regna
742 1232 838 1290 vocari

98 1314 261 1391 Auspiciis,
284 1313 351 1371 huic
364 1312 532 1390 progeniem
544 1311 650 1369 virtute
663 1312 786 1370 suturam

98 1394 264 1470 Egregium,
279 1401 308 1452 et
321 1401 413 1452 totum
427 1411 491 1469 quae
505 1391 614 1451 viribus
627 1399 751 1468 occupet
761 1389 869 1448 orbem.
920 1421 921 1425 =

98 1472 231 1530 Tandem
244 1473 327 1530 laetus
341 1472 396 1555 ait:
419 1470 459 1529 Di
473 1480 571 1530 nostra
583 1469 698 1548 incepta
711 1470 879 1545 secundent,

98 1553 316 1629 Auguriumque
329 1546 424 1610 suurn.
466 1551 599 1626 Dabitur,
615 1548 750 1628 Trojanc,
765 1549 844 1626 quod
857 1555 984 1626 optus.

98 1632 224 1689 Munera
236 1651 291 1689 nec
305 1650 418 1709 sperno
459 1631 491 1690 N
492 1651 529 1689 on
543 1630 635 1704 vobis,
650 1649 716 1706 rege
731 1630 844 1704 Latino,

100 1711 190 1768 Divit
172 1721 206 1768 trs
220 1711 293 1768 uber
307 1730 366 1786 agn
358 1710 515 1787 Trojaeve
530 1709 677 1802 opulentia
692 1709 791 1768 deerit.

100 1790 167 1866 lpse
181 1787 267 1847 modo
281 1790 393 1848 AEneas
411 1787 550 1865 (nostri'
528 1808 552 1846 sr
566 1797 645 1847 tanta
658 1789 762 1866 cupido
777 1796 830 1864 est,

101 1869 155 1926 Si'
143 1889 227 1946 Jungr
219 1868 366 1945 hospitio
380 1873 522 1946 properat,
537 1867 691 1944 sociusque
704 1868 828 1959 vocari)

100 1948 263 2023 Adveniat3
285 1947 380 2006 vultus
394 1966 468 2005 neve
483 1947 667 2005 exhorrescat
680 1946 797 2004 amicos.

100 2027 170 2086 Pars
184 2027 256 2084 mihi
261 2027 348 2126 pacis
362 2026 416 2084 erit
404 2027 560 2085 tdextram
574 2026 703 2101 tetigisse
717 2026 839 2102 tyranni.

99 2107 162 2165 Vos
176 2104 275 2167 contra
289 2106 350 2183 regi
363 2125 429 2164 mea
441 2126 520 2164 nunc
534 2106 669 2164 mandata
681 2105 792 2164 referte.

100 2187 155 2245 Est
168 2186 239 2244 mihi
247 2194 329 2279 nata,
343 2186 404 2244 viro
419 2187 511 2262 gentis
524 2205 613 2262 quam
623 2187 746 2263 jungere
760 2192 875 2260 nostrae,

99 2266 131 2325 N
132 2287 169 2324 on
183 2266 273 2344 patrio
288 2285 326 2323 ex
340 2266 425 2341 adyto
439 2274 540 2343 sortes,
555 2283 613 2322 non
627 2265 751 2343 plurima
764 2265 838 2322 coelo
940 2300 944 2310 ·

100 2347 233 2404 Monstra
246 2345 362 2407 sinunt·
383 2363 504 2420 generos
519 2344 645 2402 externis
658 2343 747 2402 affore
762 2343 797 2400 ab
811 2343 877 2419 oris,

101 2423 168 2481 Hoc
178 2424 245 2481 Lat
225 2432 265 2481 tro
280 2433 386 2481 restare
400 2431 516 2497 canunt,
532 2423 586 2500 qui
596 2423 735 2498 sanguine
748 2431 877 2481 nostrum

101 2502 219 2560 Nomen
233 2502 263 2558 in
278 2510 352 2559 astra
364 2500 464 2558 ferant.
507 2501 597 2558 Hunc
612 2500 693 2558 illum
706 2520 828 2577 poscere
841 2502 898 2560 fata

102 2581 143 2638 Et
156 2599 228 2654 reor,
244 2586 281 2654 et,
297 2599 320 2636 sr
312 2577 403 2653 quid
416 2578 477 2634 veri
491 2597 572 2635 mens
587 2586 715 2654 augurat,
730 2587 807 2655 opto.

102 2658 178 2715 Haec
192 2657 305 2732 effatus,
321 2674 412 2731 equos
426 2674 548 2713 numero
561 2665 642 2732 pater
655 2656 736 2731 eligit
749 2658 847 2714 omni:

104 2737 225 2796 Stabant
238 2746 281 2794 ter
295 2743 413 2793 centum
427 2733 532 2792 nitidi'
524 2754 554 2792 rn
568 2735 747 2812 praesepibus
761 2735 837 2793 altis

104 2817 247 2877 Omnibus
262 2813 410 2890 extemplo
425 2812 547 2872 Teucris
547 2813 641 2907 jubet
654 2815 757 2872 ordine
767 2815 834 2873 duci
961 2870 966 2883 ,

104 2898 242 2957 Instratos
256 2904 331 2954 ostro
346 2893 475 2971 alipedes
484 2893 570 2971 pictis
593 2912 629 2951 ue
643 2892 755 2971 tapetis.

103 2978 200 3035 Aurea
213 2974 396 3055 pectoribus
391 2972 517 3031 demissa
530 2912 648 3030 mobilia
660 2973 859 3050 pendent:
913 3018 916 3023 .

104 3057 188 3115 Tecti
203 3075 281 3130 suro,
295 3053 407 3111 fulvum
422 3053 563 3110 mandunt
576 3052 628 3110 sub
643 3052 777 3111 dentibus
792 3054 900 3111 auruin.

104 3135 225 3194 Absenti
240 3135 341 3191 AEneae
355 3151 469 3190 currum
485 3131 672 3207 geminosque
682 3131 805 3224 jugales,

107 3214 225 3271 Semina
240 3213 275 3270 ab
290 3212 418 3286 aetherio,
433 3211 573 3287 spirantes
586 3210 724 3268 naribus
716 3230 823 3287 ignem,

106 3293 224 3352 Illorum
238 3292 274 3349 de
289 3299 374 3366 gente
388 3289 461 3368 patri
475 3310 546 3366 quos
561 3290 682 3348 Daedala
696 3289 781 3348 Circe

108 3370 263 3448 Suppositi
276 3370 312 3426 de
326 3376 416 3427 matre
429 3369 534 3428 nothos
547 3368 639 3427 furata
652 3370 767 3427 'creavit

107 3450 227 3508 Talibus
241 3447 380 3539 AEneudre
394 3447 478 3505 donis
491 3448 633 3526 dictisque
647 3447 743 3506 Latini

108 3527 276 3587 Sublimes
267 3546 297 3583 ιιι
313 3524 394 3602 equis
407 3527 537 3602 redeunt,
550 3545 711 3606 pacemque
725 3532 878 3617 reportant.

147 3607 228 3664 Ecce
243 3613 338 3663 autem
354 3604 481 3662 Inachiis
493 3625 557 3664 sese
571 3606 712 3664 referebat
725 3604 760 3662 ab
774 3602 860 3679 Argis
966 3628 972 3639 ·

108 3687 194 3746 Sceva
205 3685 223 3742 J
224 3703 286 3742 ovrs
299 3685 416 3762 conjux,
432 3702 569 3761 aurasque
582 3686 696 3744 invecta
709 3682 841 3755 tenebat;

107 3765 150 3827 Et
162 3765 262 3824 lenm
275 3762 390 3822 AEnean
404 3762 583 3844 classemque
597 3783 635 3827 ex
648 3762 755 3826 emere
768 3742 869 3843 long(
