2400 4178
462 207 576 268 LIBER
594 210 658 275 XII.

84 362 268 438 Responsant
280 357 364 435 circle,
378 366 407 418 et
419 359 524 418 eoelum
537 368 616 420 tonat
629 380 713 419 omne
727 363 859 422 tumultu.

86 441 149 517 Ille,
164 439 247 497 simul
260 438 381 514 fugiens,
394 437 518 497 Rutulos
532 439 617 498 simul
630 439 708 498 incre
730 448 758 499 at
771 461 880 518 omnes,

85 518 212 578 Nomine
226 536 498 595 quemquevoeans3
519 526 676 594 notumque
689 460 823 595 eltagitst
835 539 943 580 ensem.

17 638 18 643 κ
83 597 196 671 ΥλΕιιεαε
209 604 329 654 mortem
343 593 440 653 eontrd
453 615 636 672 praesensque
650 597 771 671 minatur

86 675 226 750 Exitium,
241 676 265 733 si
278 673 427 751 quisquam
441 675 542 748 adeat3
564 683 705 751 terretque
718 684 881 755 trementes,

86 755 260 813 Excisurum
274 753 373 811 urbem
386 753 530 831 minitans,
545 762 574 812 et
587 755 701 812 saueius
713 755 807 814 instat.

87 834 223 909 Quinque
237 832 319 891 orbes
334 832 451 910 explent
464 850 558 907 cursu,
572 833 748 910 totidemque
759 844 892 895 retexunt

85 913 163 986 Huc,
177 911 263 984 illne;
286 931 379 989 neque
393 911 470 968 enim
484 911 621 978 levia0ant
633 911 742 970 ludicro
753 922 888 989 petuntur

85 990 216 1065 Praemia,
232 990 280 1047 sed
296 991 387 1046 Turni
401 990 437 1047 de
450 989 509 1047 vita
522 998 552 1048 et
565 989 703 1065 sanguine
716 1000 832 1062 certant.

124 1066 211 1127 Forte
227 1086 306 1126 sacer
319 1068 420 1126 Fauno
433 1067 508 1125 soliis
521 1068 642 1126 oleaster
655 1069 756 1127 amaris

85 1147 144 1205 Hie
158 1154 281 1221 steterat,
295 1147 388 1204 nautis
402 1146 470 1203 olim
483 1147 646 1205 venerabile
660 1147 788 1224 signnm,

87 1227 197 1285 Servati
211 1245 248 1283 ex
262 1225 346 1283 undis
358 1225 408 1284 ubi
421 1225 508 1301 figere
522 1226 597 1283 dona
610 1226 739 1291 solebant
757 1296 760 1303 Ι

84 1304 220 1363 Laurenti
233 1305 309 1378 divo,
324 1313 353 1362 et
365 1312 450 1368 votos,
459 1305 632 1382 suspendere
645 1313 755 1363 vestes:

87 1384 274 1461 Sedstirpem
287 1383 403 1459 Teucri,
417 1384 496 1441 nullo
510 1384 682 1459 discrimine,
696 1403 807 1444 sacrum

87 1463 273 1537 Sustulerant,
287 1482 358 1539 puro
373 1471 403 1521 ut
416 1471 533 1539 possent
541 1481 714 1540 ¹concurrere
728 1482 838 1542 eampo.

89 1541 150 1599 Hic
164 1542 356 1612 bastaAEneae
370 1542 476 1615 stabat;
497 1542 554 1600 hue
567 1542 690 1619 impetus
704 1541 782 1599 illam

84 1621 234 1679 Detulerat
247 1621 342 1695 fixam,
358 1630 388 1678 et
401 1619 478 1678 lentis
491 1621 521 1679 in
535 1621 629 1678 radice
643 1621 765 1678 tenebat.

86 1696 229 1772 lneubuit,
243 1698 389 1775 voluitque
404 1718 490 1756 manu
504 1698 664 1757 convellere
678 1699 782 1756 serrum

84 1777 273 1851 Dardanides,
288 1777 401 1853 teloque
415 1778 496 1853 sequi
510 1796 595 1852 quem
608 1778 747 1852 prendere
762 1796 845 1834 eursu

84 1856 116 1914 N
118 1875 154 1912 on
168 1863 284 1933 poterat.
327 1856 402 1912 Tum
415 1853 483 1912 verd
498 1873 595 1912 amens
608 1854 758 1915 formidine
772 1856 896 1930 Turnus,

84 1935 196 2010 Fauna,
210 1952 319 2011 precor,
333 1935 476 2009 miserere,
490 1933 591 2011 inquit,
605 1941 692 2009 tuque
705 1934 813 2011 optima
825 1934 928 1992 serrum

85 2013 176 2070 Terra
188 2022 264 2088 tene,
280 2012 355 2070 colui
368 2020 475 2070 vestros
489 2012 514 2069 si
527 2011 781 2106 semperhonores,
907 2024 910 2030 '

86 2091 169 2162 Quos
183 2089 280 2150 contra
293 2091 433 2148 AEneadae
447 2090 523 2149 bello
536 2090 630 2149 secere
643 2089 784 2167 profanos.

84 2170 177 2246 Dixit,
193 2189 332 2248 opemque
346 2170 393 2228 dei
406 2189 464 2228 non
478 2188 557 2228 cassa
570 2170 599 2228 in
612 2176 679 2228 rota
691 2169 811 2229 vocavit.

84 2249 220 2324 Namque
234 2250 283 2306 din
297 2248 415 2323 luctans,
428 2248 563 2325 lentoque
576 2249 607 2306 in
620 2248 706 2325 stirpe
720 2256 852 2324 moratus,
908 2272 909 2275 ¹

84 2327 204 2385 Viribus
217 2327 296 2385 haud
309 2327 374 2408 ullis
387 2327 476 2386 valuit
489 2327 647 2385 discludere
660 2347 768 2386 morsus

83 2406 208 2464 Roboris
222 2407 338 2463 AEneas.
379 2406 457 2463 Dum
470 2407 568 2464 nititur
582 2425 655 2481 acer,
670 2413 699 2464 et
711 2407 805 2480 instet,

83 2485 194 2543 Rursus
207 2485 238 2541 in
252 2484 355 2559 aurigae
370 2483 472 2542 sociem
486 2492 593 2543 mutata
605 2484 722 2542 Metisci

83 2563 236 2638 Procurrit,
251 2562 385 2638 fratrique
399 2581 498 2619 ensem
512 2564 566 2620 dea
578 2563 693 2620 Daunia
706 2563 805 2620 reddit.
849 2565 851 2569 ’

85 2642 173 2714 Quod
187 2642 289 2699 Venus
304 2641 404 2699 audaci
417 2640 562 2716 Nymphae
576 2640 723 2715 indignata
734 2640 830 2715 licere,

83 2721 224 2796 Accessit,
239 2720 382 2798 telumque
397 2719 453 2778 slot
467 2719 501 2777 ab
515 2719 609 2777 radice
622 2718 741 2776 revellit.

84 2801 144 2859 Olli
157 2799 302 2874 sublimes,
317 2799 400 2857 armis
414 2797 572 2874 animisque
586 2796 693 2873 relecti,

84 2879 143 2937 Hie
157 2880 250 2955 gladio
264 2879 365 2954 fidens,
379 2877 427 2935 hic
441 2895 506 2935 aeer
519 2885 548 2935 et
561 2876 663 2935 arduus
675 2875 767 2952 hasti,
826 2917 828 2924 ,

83 2959 235 3017 Adsistunt
248 2955 355 3033 eontrd,
370 2957 524 3014 certamine
539 2956 640 3014 Martis
654 2954 758 3013 anheli.

121 3037 139 3094 J
141 3057 265 3096 unonem
279 3037 388 3095 interea
401 3051 452 3094 rex
465 3034 667 3112 omnipotentis
681 3033 798 3111 Olympi

82 3116 254 3192 Alloquitur,
269 3116 347 3175 fulva
356 3134 469 3192 pugnas
483 3114 519 3172 de
532 3112 609 3172 nube
621 3121 759 3172 tuentem.

84 3195 161 3266 Quae
172 3198 233 3273 jam
247 3194 312 3253 finis
325 3196 388 3269 erit,
403 3196 531 3273 conjux?
551 3192 619 3270 quid
633 3192 757 3270 deniqne
770 3195 875 3256 restat?

83 3273 245 3348 Indigetem
259 3273 374 3330 AEnean
389 3274 445 3332 seis
458 3275 528 3350 ipsa,
544 3280 573 3338 ct
586 3272 658 3329 seire
669 3270 774 3348 lateris,

82 3350 194 3410 Deberi
208 3350 290 3426 eoelo,
305 3350 427 3428 satisque
441 3353 476 3409 ad
490 3352 583 3410 sidera
595 3343 665 3409 tolli.

84 3429 164 3502 Quid
178 3429 284 3487 struis?
306 3437 353 3488 aut
366 3430 423 3504 qud
438 3449 488 3506 spe
502 3429 603 3506 gelidis
616 3430 646 3487 in
659 3429 784 3488 nubibus
796 3428 910 3487 haeres?

82 3508 231 3569 Mortalin’
245 3508 341 3566 decuit
352 3507 452 3565 violari
463 3509 585 3572 ‚vulnere
596 3509 714 3566 divum?
761 3505 768 3568 “,

82 3590 145 3646 Aut
159 3606 257 3645 ensem
275 3585 358 3663 (quid
372 3585 449 3643 enim
464 3586 526 3644 sine
538 3595 567 3645 te
579 3587 700 3646 Juturna
711 3585 819 3661 valeret
828 3584 855 3662 ?)

22 3733 27 3742 Ι
83 3667 225 3742 Ereptum
238 3666 318 3724 reddi
332 3665 441 3739 Turno,
456 3672 485 3724 et
497 3665 557 3723 vim
570 3684 702 3725 creseere.
712 3664 817 3724 victis?
898 3717 901 3726 .

82 3746 193 3804 Desine
203 3747 264 3823 jam
279 3744 404 3822 tandem,
417 3742 605 3824 precibusque
618 3741 898 3820 incestuosorum
995 3745 1054 3807 800,

1061 3861 1068 3898 l
