2370 4176
98 209 134 262 54
447 207 735 264 GEORGICORUM

99 355 146 413 Illi
160 356 251 414 victor
265 374 329 431 ego,
342 355 472 433 etTyrio
487 365 661 432 conspectus
674 357 704 414 in
718 364 805 432 ostro,
832 370 836 375 ·

98 434 225 491 Centum
240 433 421 511 quadrijugos
436 422 550 508 agitabo
564 434 600 490 ad
613 434 733 491 flumina
746 452 855 492 cunas.

97 511 213 570 Cuncta
226 511 307 584 mihi,
323 511 470 586 Alpheum
486 511 620 587 linquens
632 511 770 586 lucosque
785 511 940 586 Molorchi,

98 590 245 648 Cursibus
251 597 281 645 et
294 589 381 646 crudo
396 590 534 647 decernet
548 588 661 645 Gracia
674 599 771 646 caestu.

97 666 174 745 lpse,
189 674 275 743 caput
287 676 377 723 tonsae
392 666 468 724 loliis
482 674 597 723 ornatus
612 666 705 740 olive,
817 698 822 704 ·

96 746 185 802 Dona
197 744 294 800 seram.
335 744 353 800 J
355 763 400 800 am
414 763 491 801 nunc
504 743 649 800 solemnes
663 745 770 800 ducere
782 745 904 820 pompas

95 823 144 880 Ad
157 820 277 880 delubra
286 823 378 898 juvat,
393 834 540 897 caesosque
553 822 652 877 videre
663 823 822 897 juvencos:

95 899 153 957 Vel
168 918 255 957 scena
269 909 300 957 ut
312 900 403 956 versis
417 900 547 956 discedat
560 898 710 973 frontibus,
725 907 813 976 utque

95 977 246 1053 Purpurea
260 977 362 1035 intexti
376 977 477 1035 tollant
492 977 583 1035 aulaea
596 977 736 1034 Britanni.

96 1056 131 1112 In
145 1055 252 1113 foribus
266 1075 393 1132 pugnam
408 1074 445 1112 ex
460 1067 527 1112 au'ro
543 1054 691 1130 solidoque
706 1054 862 1130 elephanto

95 1133 292 1208 Gangaridum
307 1134 420 1206 faciam,
435 1133 608 1208 victorisque
623 1152 701 1191 arma
715 1133 847 1205 Quirini3

94 1214 190 1288 Atque
204 1210 253 1269 hic
267 1212 425 1269 undantem
438 1212 515 1268 bello
531 1209 725 1287 magnquue
738 1211 877 1269 fluentem

93 1290 205 1365 Nilum,
221 1309 253 1347 ac
267 1290 362 1346 navali
376 1299 524 1364 surgentes
536 1309 593 1346 aare
607 1289 763 1347 columnas.

94 1369 209 1425 Addam
223 1368 307 1425 urbes
322 1369 400 1425 Asiae
416 1369 548 1442 domitas,
562 1367 734 1444 pulsumque
749 1366 910 1443 Niphaten,

94 1447 307 1521 Fidentemque
321 1447 389 1521 suga
403 1447 543 1503 Parthum
557 1447 706 1521 versisque
720 1445 840 1519 sagittis,

95 1525 136 1581 Et
150 1524 206 1580 duo
221 1519 302 1600 rapta
315 1543 400 1580 manu
416 1523 529 1581 diverso
545 1543 581 1580 ex
596 1523 679 1580 hoste
693 1524 833 1599 trophaea,

94 1602 204 1677 Bisque
218 1600 406 1676 triumphatas
420 1610 539 1677 utroque
555 1601 590 1658 ab
604 1600 698 1659 littore
709 1609 819 1678 gentes.

97 1679 220 1739 Stabunt
233 1689 262 1738 et
275 1680 353 1740 Parii
366 1679 487 1756 lapidee,
503 1679 640 1756 spirantia
653 1681 744 1754 signa,

95 1760 228 1816 Assaraci
241 1758 347 1835 proles,
362 1758 557 1835 demissaeque
569 1758 604 1815 ab
617 1758 691 1816 lov'e
706 1759 799 1834 gentis

95 1837 232 1913 Nomina,
248 1837 378 1913 Trosque
392 1856 507 1913 parens,
522 1845 552 1894 et
565 1837 661 1914 Trojae
673 1837 818 1913 Cynthius
832 1843 938 1896 auctor.
1052 1866 1056 1872 ·
1166 1877 1170 1884 -

97 1916 212 1973 Invidia
226 1915 328 1973 infelix
342 1917 444 1973 Furias
460 1935 631 1991 amnemque
646 1935 778 1973 severum

96 1994 200 2071 Cocyti
214 2003 333 2068 metuet,
348 2001 495 2070 tortosque
508 1994 619 2051 Ixionis
634 2013 742 2070 angues

97 2070 315 2147 immanemque
330 2081 431 2145 rotam,
447 2081 477 2129 et
490 2091 547 2129 non
560 2072 761 2147 exsuperabile
776 2090 888 2128 samm.

137 2149 251 2207 Interea
265 2150 414 2225 Dryadum
426 2149 512 2206 silvas
526 2149 672 2225 saltusque
686 2169 839 2225 sequamur

96 2226 242 2299 Intactos;
264 2236 321 2300 tua,
336 2226 590 2301 Maecenasshaud
604 2227 703 2284 mollia
712 2230 802 2303 jussa

96 2306 142 2361 Te
156 2306 218 2362 sine
232 2305 272 2361 nil
288 2306 375 2362 altum
390 2323 472 2361 mens
486 2305 613 2362 inchoat
656 2307 705 2363 En
720 2323 783 2382 age,
798 2324 902 2380 segnes

95 2382 213 2459 Rumpe
228 2401 339 2454 moras;
360 2391 445 2440 vocat
459 2383 569 2458 ingenti
583 2384 708 2441 clamore
723 2384 881 2459 Cithaeron,

96 2461 277 2536 Taygetique
291 2479 387 2535 canes,
403 2461 595 2536 domitrixque
611 2462 775 2539 Epidaurus
790 2476 948 2539 equorum;

96 2539 138 2596 Et
150 2558 208 2596 vox
223 2557 340 2596 assensu
354 2559 507 2596 nemorum
521 2540 697 2615 ingeminata
710 2542 842 2617 remugit.

97 2617 172 2674 Mox
186 2626 283 2675 tamen
298 2617 430 2675 ardentes
445 2618 578 2693 accingar
592 2621 688 2677 dicere
700 2613 815 2697 pug'nas

97 2694 232 2769 Caesaris,
247 2705 277 2753 et
290 2715 397 2753 nomen
411 2694 488 2753 lamia
503 2706 545 2755 tot
557 2697 631 2756 serre
644 2716 697 2774 per
711 2718 801 2756 annos

96 2772 217 2832 Tithoni
230 2775 323 2850 primi
338 2783 407 2850 quot
421 2774 502 2831 abest
516 2774 551 2830 ab
566 2777 675 2851 origine
690 2776 797 2833 Caesar.

138 2853 196 2911 Seu
211 2853 284 2928 quis,
301 2851 479 2928 Olympiacae
495 2852 613 2910 miratus
627 2854 748 2928 praemia
760 2853 874 2928 palmae,

96 2929 194 2988 Pascit
207 2949 306 3006 equos,
322 2948 373 2986 seu
387 2929 451 3004 quis
465 2928 554 2986 sortes·
567 2931 603 3007 ad
617 2938 707 2987 aratra
716 2933 869 3007 juvencos,

97 3007 224 3083 Corpora
237 3004 382 3083 precipue
398 3013 521 3063 matrum
534 3006 619 3082 legat.
662 3006 781 3083 Optima
794 3016 883 3066 torvae

96 3084 203 3141 Forma
216 3084 308 3157 bovis,
324 3083 371 3140 cui
385 3092 467 3159 turpe
482 3092 577 3159 caput,
591 3086 638 3142 cui
652 3085 777 3161 plurima
790 3086 899 3161 cervix,

96 3160 138 3220 Et
151 3180 265 3218 crurum
279 3169 362 3219 tenus
377 3181 394 3219 a
407 3169 506 3218 mento
519 3161 646 3237 palearia
658 3164 804 3239 pendent,

96 3239 174 3298 Tum
189 3240 275 3314 longo
288 3239 385 3297 nullus
398 3239 482 3297 lateri
495 3240 597 3298 modus
608 3261 616 3314 ;
638 3241 736 3298 omnia
749 3261 863 3318 magna,
915 3267 919 3274 ·

97 3317 155 3376 Pes
169 3319 275 3391 etiam;
297 3325 327 3375 et
340 3317 462 3375 camuris
476 3317 558 3375 hirtae
573 3319 626 3375 sub
641 3319 774 3377 cornibus
789 3339 880 3378 aures.

97 3397 163 3456 Nec
178 3397 250 3455 mihi
264 3395 415 3473 displiceat
427 3396 548 3454 maculis
561 3396 684 3473 insignis
696 3406 726 3459 et
740 3398 815 3474 albo,
828 3397 835 3409 '

98 3476 158 3535 Aut
167 3477 239 3551 juga
252 3475 422 3550 detrectans,
436 3473 637 3550 interdumque
651 3494 751 3550 aspera
764 3496 863 3548 cornu,

98 3552 140 3610 Et
153 3551 256 3609 faciem
271 3561 351 3627 tauro
364 3552 497 3630 pmpior3
519 3571 641 3628 quasque
655 3554 743 3611 ardua
755 3563 824 3631 tota,

99 3629 140 3688 Et
153 3629 286 3704 gradiens
300 3632 359 3688 imis
373 3630 460 3690 verrit
471 3631 594 3705 vestigia
606 3631 706 3688 cauda.

91 3715 93 3717 ’
138 3708 223 3768 AEtas
237 3709 378 3801 Lucinam
389 3712 539 3790 justosque
552 3709 613 3786 pati
626 3709 798 3803 hymeneos
