2370 4176
465 163 689 302 reuocant

292 440 297 445 ’
386 400 849 518 mmmm..

332 685 337 689 ’
435 661 715 760 nucmssucnms
770 698 773 702 ·

504 831 642 871 Lucinae.

80 932 151 1006 Quo
164 941 206 1010 te,
221 931 320 1007 Moeri,
333 903 443 1009 pedes?
465 951 511 1007 an,
526 930 583 1009 quo
598 933 647 990 via
659 934 748 1012 ducit,
762 934 793 992 in
806 932 930 995 urbem?

340 1106 343 1111 ,
517 1069 630 1108 nmnrs.

43 1143 48 1154 ·
84 1130 110 1189 Ο
125 1129 246 1206 Lycida,
259 1127 320 1186 vivi
333 1127 527 1207 pervenimus,
541 1131 654 1189 advena
666 1130 757 1189 nostri

84 1207 192 1346 §Quod
205 1225 353 1284 nunquam
365 1208 451 1266 veriti
465 1208 577 1286 sumus)
595 1219 628 1267 ut
640 1228 788 1286 possessor
802 1209 888 1286 agelli

115 1288 213 1363 iceret,
228 1287 247 1320 “
257 1287 332 1344 Haec
345 1305 412 1343 mea
425 1294 508 1358 sunt;
529 1295 652 1363 veteres,
666 1285 795 1365 migrate,
810 1287 938 1348 coloni.'’
1023 1322 1025 1327 ,

83 1366 173 1425 Nunc
186 1365 266 1441 victi,
281 1365 384 1441 tristes,
400 1365 536 1442 quoniam
550 1365 608 1422 fors
622 1367 719 1424 omnia
730 1374 834 1442 verast,
1048 1371 1082 1426 5·

84 1445 149 1504 Hos
162 1445 205 1503 illi
223 1443 314 1521 (quod
327 1462 382 1501 nec
395 1443 471 1502 bene
484 1451 577 1501 vertat
588 1444 610 1522 l)
629 1445 768 1504 mittimus
781 1445 890 1505 haedos.

508 1581 644 1622 nucinas.
664 1607 666 1611 ι
740 1587 744 1593 ·

85 1640 172 1702 Certo
188 1637 493 1720 equidemaudieram,
508 1643 609 1719 quise
624 1643 785 1702 subducere
799 1644 888 1702 colles

86 1721 241 1799 Incipiunt,
255 1722 392 1798 mollique
402 1717 505 1800 j'ugum
519 1722 669 1780 demittere
683 1724 769 1798 clivo,

86 1800 187 1878 Usque
202 1802 239 1860 ad
253 1819 357 1878 aquam
370 1808 401 1858 et
412 1809 536 1876 veteres,
546 1803 612 1879 jam·
621 1801 711 1859 fracto
723 1800 883 1878 cacumina,
897 1801 987 1878 fagos,
1157 1862 1160 1866 ,

84 1879 194 1939 Omnia
207 1879 383 1939 carminibus
396 1887 524 1939 vestrum
539 1881 670 1938 servisse
684 1878 850 1938 Menalcan.
1031 1882 1068 1936 10

519 2016 632 2055 ncnnrs.

85 2078 245 2152 Audieras3
267 2077 387 2136 etfama
400 2077 470 2136 fuit:
493 2077 545 2135 sed
559 2079 686 2136 carmina
698 2075 811 2137 tannim

85 2157 194 2216 Nostra
207 2156 313 2231 valent,
328 2158 447 2233 Lycida,
462 2157 520 2215 tela
533 2157 607 2214 inter
620 2157 737 2233 Martia,
752 2153 892 2234 quantum

86 2237 235 2295 Chaonias
249 2236 357 2311 dicunt,
373 2237 468 2312 aquili
481 2235 628 2311 veniente,
643 2236 800 2295 columbas.

88 2313 177 2386 Quod
191 2314 307 2374 nisime
322 2315 504 2391 quicumque
518 2334 607 2373 novas
621 2316 748 2374 incidere
761 2315 827 2375 lites
843 2370 853 2376 .
1057 2380 1059 2384 λ

33 2396 36 2399 ’
87 2393 164 2453 Ante
180 2394 295 2452 sinistra
308 2393 379 2452 cavi
394 2395 553 2453 monuisset
566 2393 602 2451 ab
616 2395 683 2452 ilice
697 2395 807 2470 cornix,
1034 2396 1070 2450 15

87 2474 119 2532 N
120 2493 152 2531 ec
165 2481 232 2532 tuus
245 2472 294 2531 hic
308 2474 420 2548 Moeris,
435 2493 490 2531 nec
504 2474 616 2532 viveret
628 2473 691 2551 ipse
705 2473 866 2532 Menalcas.
921 2516 931 2536 .

510 2611 646 2650 cnemis.

87 2670 172 2731 Heu!
195 2671 274 2730 cadit
283 2671 314 2728 in
328 2690 501 2748 quemquam
515 2681 625 2730 tantum
640 2673 750 2729 scelus!
772 2671 848 2730 heu!
873 2679 923 2729 tua
931 2667 1023 2746 nobis

85 2749 168 2810 Perre
184 2751 272 2809 simul
287 2758 384 2808 tecum
399 2751 500 2809 solatia
511 2759 601 2828 rapta,
616 2750 769 2808 Menalca!
883 2821 886 2827 Ι

88 2830 163 2901 Quis
177 2836 295 2901 caneret
308 2829 484 2906 Nymphas?
500 2831 564 2907 quis
578 2830 703 2888 humum
718 2825 886 2886 florentibus
900 2824 998 2884 herbis

90 2909 252 2986 Spargeret,
268 2917 318 2966 cut
330 2909 414 2966 viridi
427 2909 522 2967 fontes
535 2910 686 2966 induceret
698 2906 823 2965 umbri?
1033 2907 1073 2981 20
1125 2941 1152 2972 a

88 2987 145 3045 Vel
159 3006 227 3064 quae
241 2986 355 3062 sublegi
368 2989 472 3046 tacitus
486 2987 539 3045 tibi
552 2987 681 3045 carmina
693 3004 797 3063 nuper,

89 3067 190 3138 Quum
205 3074 234 3124 te
249 3066 285 3123 ad
299 3066 416 3124 delicias
430 3067 518 3125 ferres
533 3066 713 3141 Amaryllida
724 3065 856 3123 nostras?
943 3069 944 3072 ’

89 3145 227 3222 “Tityre
243 3145 313 3202 dum
327 3146 424 3219 redeo,
435 3145 532 3203 brevis
543 3154 587 3202 est
599 3146 656 3220 via,
670 3161 757 3220 pasce
771 3141 915 3220 capellas3

89 3225 129 3282 Et
141 3233 246 3301 potum
259 3231 356 3300 pastas
370 3242 433 3300 age,
448 3224 566 3300 Tityre3
588 3233 618 3282 et
630 3225 705 3280 inter
718 3222 863 3298 agendum

90 3302 250 3362 Occursare
263 3321 360 3380 capro,
375 3321 465 3362 cornu
479 3302 617 3377 seritillc,
632 3301 765 3362 caveto.'’
839 3339 841 3343 -
1034 3299 1074 3353 25

526 3440 639 3482 neonus.
745 3452 749 3458 ,

90 3499 184 3560 Immo
198 3500 346 3577 hecquae
358 3501 447 3577 Varo,
461 3496 588 3560 necdum
601 3499 740 3578 perfecta,
754 3494 893 3556 canebat:

91 3579 204 3657 “Vare,
217 3588 303 3638 tunm
317 3598 425 3638 nomen
443 3578 576 3674 (superet
589 3575 677 3636 modo
692 3576 817 3634 Mantua
829 3571 923 3646 nobis,

90 3658 215 3718 Mantua
226 3675 272 3717 vce
287 3658 400 3716 miserae
414 3658 538 3715 nimium
552 3657 649 3735 vicina
662 3656 817 3714 Cremonae
831 3651 854 3729 l)

91 3736 249 3797 Cantantes
263 3734 387 3794 sublime
399 3736 492 3794 ferent
506 3737 541 3794 ad
555 3737 650 3795 sidera
663 3732 779 3810 cycni.”

247 3820 266 3873 3
