2400 4178
521 194 636 252 hinnit
654 197 678 252 1.

108 343 244 405 Volvitur
254 342 287 404 in
296 349 399 423 caput3
415 349 459 404 est
470 343 558 404 illam·
564 353 608 406 ter
619 346 724 406 fluctus
737 346 847 421 ibidem

108 424 240 501 Torquet
250 439 338 498 agens
352 420 472 500 citcrlm,
488 431 517 483 et
530 424 646 503 rapidus
659 434 740 485 vorat
754 445 870 504 aequore
884 434 997 490 vortex.

109 501 485 580 Apparentrorinantesin
498 503 611 579 gurgite
625 511 745 562 vasto:--
1106 509 1113 514 ”

109 582 199 639 Arma
210 579 315 655 einim,
329 580 502 659 tabulaque,
516 589 547 641 et
559 582 649 639 Troia
662 601 733 658 gaza
744 602 797 661 per
810 585 910 646 undas.

108 659 174 718 Jam
187 659 312 719 validam
324 659 428 719 Ilionei
440 678 555 736 novem,
565 662 628 738 jam
639 662 718 719 sortis
731 662 862 739 Achate,
1034 671 1089 726 120

109 738 151 797 Et
164 738 222 815 quia
234 743 337 805 vectus
350 737 440 816 Abas,
455 745 485 799 et
497 739 557 816 qut
567 740 737 816 grandaevus
750 741 861 819 Aletes,

108 816 192 875 Vicit
204 815 317 877 hiems:
337 816 412 879 laxis
425 817 546 877 laterum
560 818 747 895 compagibus
761 839 861 879 omnes

108 895 267 974 Accipiunt
277 894 428 955 inimicum
440 894 573 972 imbrem,
584 896 722 973 rimisque
735 898 879 959 fatiscunt
978 911 981 916 '

104 970 108 979 ’
128 1001 137 1016 s
150 974 265 1033 Interea
277 992 382 1050 magno
396 974 510 1033 misceri
524 993 669 1033 murmure
682 983 814 1052 pontum,

110 1050 344 1130 Emmissamque
358 1051 485 1110 hiemem
500 1053 590 1111 sensit
602 1053 768 1131 Neptunus,
783 1063 813 1114 et
825 1056 890 1114 imis

111 1130 219 1206 Stagna
231 1131 327 1189 refusa
339 1131 431 1206 vadis,
445 1131 568 1206 graviter
581 1139 759 1205 commotus;
781 1143 810 1192 et
824 1135 881 1193 alto

110 1206 305 1286 Prospiciens,
320 1209 433 1266 summi
446 1210 592 1286 placidum
606 1220 694 1289 caput
707 1212 810 1270 extulit
822 1213 910 1271 andi.

110 1287 273 1366 Disjectam
287 1286 394 1351 AEneae,
407 1295 467 1345 toto
481 1288 561 1346 videt
574 1306 688 1364 aequore
702 1291 833 1367 classem,

109 1364 261 1424 Fluctibus
275 1384 427 1443 oppressos
440 1365 532 1424 Troas
548 1365 671 1444 coelique
685 1368 776 1426 ruini.
880 1408 890 1441 3

109 1445 175 1503 Nec
188 1443 298 1504 latuere
313 1443 372 1502 doli
385 1443 500 1502 fratrem
512 1445 636 1503 lunonis
650 1456 680 1504 et
693 1447 752 1503 irae.

109 1523 221 1581 Eurum
236 1524 313 1582 adse
327 1523 556 1602 Zephyrumque
569 1532 671 1598 vocat;
694 1525 800 1584 dehinc
814 1524 881 1583 talia
894 1524 984 1583 fatur:

109 1601 242 1660 Tantone
255 1621 307 1660 vos
321 1602 435 1677 generis
448 1603 543 1660 tenuit
556 1602 663 1661 fiducia
676 1605 784 1662 vestri?

107 1679 172 1737 lam
187 1680 294 1738 coelum
307 1687 469 1756 terramque
483 1700 549 1738 meo
564 1680 627 1740 siue
640 1683 768 1759 numine,
783 1683 873 1756 venti,

109 1757 246 1835 Miscere,
262 1765 291 1815 et
304 1766 397 1817 tantas
411 1759 522 1817 audetis
536 1758 637 1817 tollere
647 1762 760 1818 moles?
826 1764 829 1768 ’

110 1834 192 1906 Quos
207 1856 261 1912 ego
275 1875 282 1890 ·
297 1876 304 1892 .
320 1878 327 1892 .
345 1837 403 1895 Sed
417 1845 509 1894 motos
523 1845 639 1913 praestat
652 1854 825 1915 componere
838 1839 952 1896 fluctus.
1034 1843 1089 1896 135

108 1911 180 1974 Pdst
193 1915 267 1973 mihi
279 1934 338 1973 non
352 1914 439 1973 simili
452 1915 539 1993 prensi
553 1916 705 1974 comissa
719 1916 813 1976 luetis.

108 1994 255 2053 Maturate
268 1994 375 2070 iugem,
390 1994 508 2072 regique
521 1993 586 2051 haec
599 1994 687 2053 dicite
701 2004 814 2053 vestro:

107 2073 139 2133 N
140 2093 177 2131 on
188 2073 231 2131 illi
244 2073 398 2150 imperium
411 2073 516 2151 pelagi,
532 2091 700 2150 saevumque
714 2075 879 2147 tridentem,
996 2099 998 2103 ⁷

109 2152 167 2211 Sed
181 2151 254 2210 mihi
267 2159 343 2210 sorte
356 2152 463 2216 datum.
506 2152 602 2210 Tenet
615 2152 664 2211 ille
678 2153 816 2211 immania
829 2171 909 2227 saxa

107 2231 237 2307 Vestras,
252 2229 342 2306 Eure,
356 2232 476 2290 domos:
498 2231 548 2290 illa
562 2250 594 2289 se
604 2234 695 2309 jactet
704 2233 734 2289 in
750 2231 814 2290 auli

106 2310 222 2386 AEolus,
238 2317 267 2369 et
280 2310 379 2369 clauso
389 2318 542 2370 ventorum
556 2329 669 2370 carcere
684 2319 792 2386 regnet

119 2429 125 2439 ι
148 2389 197 2447 Sic
212 2389 260 2464 ait,
276 2396 305 2448 et
318 2390 395 2448 dicto
409 2386 495 2448 citiirs
509 2391 621 2448 tumida
633 2409 749 2466 aequora
761 2389 865 2466 placat,

108 2466 312 2543 collectasque
326 2468 406 2543 lugat
419 2468 522 2542 nubes,
538 2467 685 2545 solemque
700 2468 820 2525 reducit.

107 2544 282 2621 Cymothoe,
297 2545 382 2603 simul
396 2554 426 2603 et
439 2545 542 2603 Triton
557 2546 689 2621 adnixus,
705 2550 791 2603 acuto

108 2623 274 2695 Detrudynt
286 2639 376 2680 naves
391 2622 511 2697 scopulo
523 2641 530 2678 :
541 2622 629 2693 levat
642 2624 705 2699 ipse
720 2624 853 2697 tridenti,
958 2626 960 2632 '

107 2702 149 2760 Et
161 2708 257 2760 vastas
272 2699 364 2777 aperit
377 2706 478 2776 syrtes,
493 2708 523 2756 et
535 2707 676 2777 temperat
689 2720 804 2776 aequor3

107 2782 205 2857 Atque
218 2780 288 2839 rotis
302 2772 430 2837 summas
443 2777 557 2836 levibus
570 2778 727 2855 perlabitur
739 2778 841 2836 undas.

106 2862 152 2917 Ac
167 2859 257 2917 veluti
270 2857 420 2934 magnoin
433 2857 541 2935 populo
556 2877 647 2934 quum
662 2855 741 2934 saepb
757 2865 854 2916 coorta
867 2863 912 2914 est

109 2938 229 3015 Seditio,
244 2937 384 3015 seritque
397 2937 501 2996 animis
514 2935 642 3012 ignobile
655 2936 790 3012 vulgus,

106 3018 123 3076 J
125 3038 230 3096 amque
243 3019 322 3077 seces
336 3025 366 3076 et
379 3034 450 3075 saxa
462 3015 579 3088 volant;
600 3014 677 3074 furor
691 3035 771 3074 arma
783 3015 941 3074 ministrat:
964 3063 968 3070 .
1035 3020 1090 3074 150

107 3097 197 3173 Tum,
210 3099 318 3176 pietate
332 3115 450 3173 gravem
464 3115 497 3153 ac
512 3095 620 3153 meritis
634 3095 659 3153 si
672 3091 743 3153 forte
757 3095 850 3153 virum
865 3113 952 3172 quem

108 3175 307 3255 Conspexere,
321 3175 417 3250 silent,
433 3174 607 3251 arrectisque
621 3174 738 3232 auribus
753 3175 883 3248 adstent3

108 3255 167 3315 Iste
181 3257 255 3332 regit
267 3255 351 3315 dictis
365 3254 487 3327 animos,
503 3261 532 3313 et
565 3262 662 3312 ectora
675 3254 792 3312 mulcet

109 3334 157 3392 Sic
171 3343 293 3394 cunctus
306 3334 402 3412 pelagi
415 3333 521 3392 cecidit
545 3351 636 3409 rogor,
651 3351 767 3415 aequora
780 3340 936 3409 postquam

107 3413 293 3491 Prospiciens
307 3414 428 3489 genitor,
443 3413 574 3489 coeloque
588 3412 720 3471 invectus
735 3419 844 3488 aperto,

107 3493 215 3553 Flectit
228 3512 327 3570 equos,
338 3509 480 3569 curruque
493 3492 594 3550 volans
609 3491 658 3549 dat
670 3490 732 3548 lore
744 3489 884 3548 secundo.

108 3572 225 3632 Defessi
238 3571 391 3647 AEueadae,
405 3589 472 3647 quse
486 3571 627 3647 proxima,
641 3569 737 3628 littora
749 3587 835 3626 cursu

108 3652 298 3712 Contendunt
309 3658 419 3729 petere,
434 3656 464 3707 et
477 3648 578 3726 Libyae
592 3656 743 3706 vertuntur
756 3647 791 3704 ad
806 3665 879 3704 oras.

107 3732 164 3793 nst
176 3731 207 3792 in
221 3750 338 3791 secessu
352 3730 440 3806 longo
454 3727 551 3786 locus:
572 3727 668 3787 insula
681 3734 795 3804 portum
