2370 4176
401 194 406 203 *
440 152 446 163 ’
499 167 614 241 arana
631 175 668 230 v.

88 323 114 384 0
128 323 251 400 miserae,
266 341 338 400 quas
351 342 410 380 non
423 342 536 398 manus,
551 324 655 400 inquit,
668 323 800 392 Achaica
810 324 888 383 bello
1001 399 1003 402 y

69 403 221 482 ‚Traxerit
235 403 270 459 ad
284 402 385 476 letum,
398 402 502 478 patria
514 401 567 458 sub
581 403 743 465 moenibus!
764 412 870 479 ogens'
941 456 944 462 .
1150 462 1155 468 „

87 482 203 554 Infelix,
218 481 266 539 cui
280 488 308 538 te
322 480 412 538 exitio
426 479 541 545 fortuna
552 484 696 540 reservat!
839 512 841 516 ·
901 506 950 542 ,η
1012 486 1071 542 625

88 561 219 637 Septima
230 566 297 636 post
310 559 407 636 Troje
420 558 566 617 excidium
577 561 640 637 jam
654 560 773 635 vertitur
784 549 880 636 testa,
1039 571 1042 577 ’
1063 575 1065 579 ”

87 639 186 710 Quum
201 639 282 714 freta,
297 657 385 714 quum
399 645 487 695 terras
501 656 614 713 omues,
627 646 669 697 tot
681 639 827 716 inhospita
840 657 920 714 saxa,
1013 672 1014 676 =

23 749 25 752 ·
88 718 256 793 Sideraque,
272 734 397 773 emensae
411 716 550 789 serimur3
570 717 640 775 dum
652 736 706 794 per
718 726 948 794 maromagnum

87 796 200 854 ltaliam
215 795 362 871 sequimur
374 794 542 870 fugientem,
558 802 587 853 et
599 795 742 854 volvimur
754 797 851 854 undis

87 873 146 932 Hic
161 872 266 950 Erycis
280 874 353 930 fines
366 873 492 948 fraterni,
508 880 593 949 atque
606 873 713 951 hospes
726 875 867 933 Acestes:
888 880 892 895 '

88 949 168 1025 Quid
180 951 316 1029 prohibet
327 971 425 1009 muros
433 951 543 1029 jacere,
559 961 589 1010 et
602 952 669 1010 dare
683 952 796 1011 civibus
809 953 936 1012 urbem?

87 1031 113 1089 Ο
128 1031 236 1107 patria!
259 1038 289 1087 et
302 1031 375 1106 rapti
388 1030 585 1107 nequidquam
599 1049 637 1088 ex
651 1031 735 1090 hoste
749 1032 893 1092 Penates!

86 1110 214 1168 Nullane
225 1111 286 1186 jam
301 1108 398 1186 Trojae
414 1109 545 1167 dicentur
558 1109 688 1167 moenia?
708 1108 851 1185 nusquam

87 1188 248 1260 Hectoreos
262 1206 374 1261 amnes,
387 1187 539 1244 Xanthum
554 1197 584 1245 et
598 1189 758 1263 Simoenta,
772 1189 899 1266 uidebo?
933 1246 934 1250 ,

59 1311 61 1315 1
88 1265 167 1335 Quin
182 1267 266 1341 agite,
282 1274 312 1323 et
325 1284 441 1323 mecum
455 1260 594 1324 infaustas
610 1267 720 1325 exurite
734 1287 856 1345 puppes.

86 1345 164 1403 Nam
180 1344 252 1401 mihi
266 1344 435 1402 Cassandrae
449 1346 507 1421 per'
515 1364 649 1417 somnum
662 1346 735 1403 vatis
749 1347 844 1422 imago

85 1418 311 1481 Ardentes'dare
324 1422 388 1479 visa
400 1422 494 1481 faces:
517 1422 576 1482 Hic
591 1424 711 1500 quaerite
725 1424 853 1503 Trojam,
1113 1488 1116 1495 ,

86 1500 147 1559 Hic
161 1501 264 1558 domus
279 1508 332 1575 est,
345 1501 447 1579 inquit,
461 1501 553 1567 vobis.
594 1503 660 1560 Jam
675 1511 789 1581 tempus
804 1504 928 1579 spiram
991 1511 1021 1554 ε’*
1052 1512 1067 1529 ’·

86 1581 152 1639 Nec
166 1581 252 1637 tantis
266 1599 346 1636 mora
359 1581 513 1656 prodigiis:
535 1601 572 1639 en
586 1589 708 1658 quatuor
722 1601 777 1640 arae
1062 1585 1066 1595 ’

85 1659 116 1717 N
119 1666 244 1735 eptuno;
266 1659 339 1729 deus
352 1658 415 1734 ipse
428 1658 506 1716 faces
520 1660 706 1736 animumque
720 1662 869 1719 ministrat.
889 1691 891 1695 .

126 1737 200 1794 Haec
215 1755 386 1812 memorans,
401 1737 494 1813 prima
506 1737 651 1795 infensum
665 1738 696 1797 vi
709 1740 825 1816 corripit
837 1740 954 1815 ignem;

88 1814 265 1891 Sublatique
279 1813 380 1891 piocul
395 1814 496 1872 dextri
511 1816 637 1873 connixa
649 1825 791 1892 coruscat,

85 1894 127 2029 ἷῖῐ
136 1895 215 1972 jacit.
257 1896 384 1951 Arrectae
398 1901 510 1951 mentes
525 1893 741 1971 stupefactaque
755 1895 841 1953 corda
893 1913 900 1924 ·

114 1973 219 2029 isdum.
262 1970 322 2029 Hie
336 1970 394 2029 una
407 1991 424 2028 e
438 1972 547 2047 multis,
562 1987 627 2048 quae
641 1974 767 2031 maxima
779 1981 862 2050 natu,

85 2051 192 2127 Pyrgo,
206 2058 249 2109 tot
262 2051 369 2108 Priami
383 2057 514 2108 notorum
529 2052 608 2127 regia
621 2053 736 2111 nutrix:
760 2120 761 2123 Ἴ
888 2052 893 2062 “

86 2130 156 2188 Non
170 2130 264 2186 Beroe
280 2129 370 2202 vobis,
384 2132 444 2186 non
458 2130 521 2187 haec
535 2130 682 2206 Rhoeteia,
697 2139 814 2206 matres,

87 2208 142 2266 Est
155 2207 275 2283 Dorycli
289 2210 416 2285 conjux:
438 2208 624 2284 divinisigns
638 2210 749 2268 decoris
839 2267 843 2272 .
950 2224 953 2228 “

86 2287 286 2363 Ardentesque
300 2294 396 2345 notate
411 2287 530 2360 oculos;
551 2289 600 2364 qui
614 2290 728 2365 spiritus
742 2288 795 2364 illi,

87 2365 147 2435 Qui
160 2366 264 2440 vultus,
279 2366 398 2422 vocisve
410 2385 507 2440 sanus,
521 2367 568 2423 vel
582 2385 696 2442 gressus
711 2369 801 2425 eunti.

87 2444 156 2520 lpsa
169 2451 284 2519 egomet
298 2444 405 2501 dudum
420 2445 535 2501 Beroen
551 2446 678 2521 digressa
691 2447 793 2524 reliqui

85 2523 216 2598 AEgram,
231 2522 429 2598 indignantem
443 2523 493 2580 tali
507 2520 584 2599 quod
598 2526 660 2582 sols
673 2531 784 2582 careret

43 2664 46 2669 ,
86 2602 221 2674 Munere,
236 2621 291 2659 nec
305 2603 422 2659 meritos
437 2601 574 2657 Anchisae
588 2602 705 2661 inferret
718 2604 852 2660 honores

86 2680 161 2736 Haec
176 2679 269 2737 effata.

85 2760 126 2815 At
139 2767 252 2833 matres,
267 2756 359 2835 primo
375 2758 524 2834 ancipites,
539 2759 687 2834 oculisque
701 2757 834 2832 malignis

84 2836 249 2911 Ambiguae,
264 2845 393 2913 spectare
407 2846 491 2912 rates,
507 2838 643 2895 miserum
657 2837 732 2895 inter
746 2856 872 2894 amorem

85 2915 240 2973 Praesentis
255 2925 346 2991 terrae,
361 2915 484 2992 fatisque
498 2917 631 2975 vocantia
644 2936 750 2991 regna;

87 2994 186 3064 Quum
203 2994 258 3051 dea
271 3013 302 3052 se
315 2994 433 3071 paribus
446 3015 498 3072 per
511 2997 617 3054 eoelum
631 2995 745 3054 sustulit
758 2994 822 3071 alis,

28 3142 31 3150 ¹
86 3073 295 3149 lugentemque
308 3073 376 3149 fugai
390 3069 483 3133 secuit
496 3074 549 3132 sub
563 3074 687 3132 nubibus
702 3093 812 3132 arcum.

85 3150 163 3208 Tum
177 3149 246 3208 verb
261 3153 388 3226 attonitae
402 3153 545 3227 monstris,
561 3161 690 3230 actaeque
703 3153 812 3228 furore,-

85 3230 287 3304 Conclamant,
303 3231 472 3307 rapiuntque
486 3232 557 3290 focis
571 3232 766 3309 penetralibus
772 3232 877 3307 ,ignem
891 3250 901 3288 ε

31 3355 34 3362 .
84 3308 155 3379 Pars
170 3309 294 3385 spoliant
307 3329 379 3384 aras,
394 3309 525 3370 frondem
540 3331 573 3369 ac
586 3312 710 3387 virgulta
721 3311 856 3385 facesque
890 3321 892 3325 '

85 3388 271 3467 Conjiciunt:
293 3387 364 3446 furit
374 3389 511 3450 immissis
525 3390 676 3449 Vulcanus
690 3389 812 3447 habenis

85 3467 222 3524 Transtra
235 3486 296 3543 per,
312 3475 341 3526 et
353 3487 458 3544 remos,
473 3478 503 3528 et
515 3470 607 3547 pictas
621 3469 715 3526 abiete
728 3485 851 3544 puppes.
863 3504 866 3510 ·

84 3542 116 3604 N
117 3546 214 3604 untius
228 3546 366 3604 Anchisae
380 3547 416 3604 ad
430 3548 572 3607 tumulum
586 3564 753 3621 cuneosque
765 3544 870 3602 theatri

85 3623 224 3683 Incensus
237 3625 344 3701 perfert
356 3642 447 3683 naves
461 3626 605 3685 Eumelus
616 3641 630 3700 3⁴
646 3632 676 3683 et
688 3624 744 3701 ipsi

84 3700 262 3785 Respiciunt
274 3711 365 3762 atram
379 3704 410 3763 in
424 3704 523 3763 nimbo
536 3706 657 3765 volitare
669 3702 806 3763 favillam.
