2400 4178
120 215 157 270 ³0
471 213 755 269 GEORGlCORUM

17 432 26 444 ι
118 362 360 441 ΡεωᾶίῐυῐςᾸρεε
374 363 426 421 tibi
436 365 497 440 jam
511 362 628 419 brachia
641 363 784 419 contrahit
802 362 905 420 crdens

121 443 267 520 Scorpius,
282 451 312 499 et
325 441 391 499 coeli
400 441 479 518 justi
492 441 557 515 plus
570 448 650 516 parte
665 440 816 516 relinquit:

120 520 270 598 Quidquid
284 521 339 577 eris
357 519 438 595 (nam
453 528 481 575 te
492 536 534 575 ne
540 526 656 593 sperent
668 518 787 575 Tartara
800 537 909 595 regem,

118 599 185 658 Nec
198 599 250 657 tibi
264 592 404 672 regnandi
416 596 514 653 veniat
527 605 585 653 tam
599 596 660 652 dira
674 596 790 672 cupido,
875 613 878 619 '

120 676 262 748 Quamvis
273 675 390 751 Elysios
404 675 523 731 miretur
537 674 652 730 Graecia
665 692 792 750 campos,
908 708 911 715 ›

17 818 21 825 ,
118 755 149 812 N
151 773 185 812 ec
200 755 320 830 repetita
333 753 415 829 sequi
428 759 509 809 curet
522 751 695 828 Proserpina
708 752 856 829 matrem),

118 833 166 889 Dc
179 832 293 890 facilem
307 850 431 905 cursum,
447 838 531 906 atque
545 830 703 887 audacibus
717 849 813 891 annue
823 831 942 908 creptis3

119 910 294 986 Ignarosque
308 910 363 966 viae
378 927 492 966 mecum
506 909 656 965 miseratus
670 917 805 984 ¹agrestes,

79 1041 83 1049 .
119 987 283 1062 Ingredere,
299 996 328 1045 et
341 988 415 1066 votis
419 990 486 1122 jam
501 1005 577 1043 nunc
592 1005 726 1044 assuesce
739 987 845 1045 vocari.
923 1010 926 1015 ·

158 1066 246 1122 Vens
261 1085 346 1140 novo,
361 1066 418 1140 geli
439 1085 472 1122 us
486 1065 566 1122 canis
577 1084 665 1141 quum
681 1065 826 1122 montibus
840 1063 953 1123 humor'

118 1144 258 1220 Liquitur,
273 1152 303 1201 et
316 1144 442 1222 zephyro
455 1143 546 1218 putris
557 1162 588 1200 se
602 1144 687 1218 gleba
700 1143 825 1217 resolvit,

117 1222 264 1297 Depresso
277 1222 395 1298 incipiat
405 1224 467 1299 jam
481 1231 541 1278 tum
556 1222 628 1278 mihi
642 1231 739 1279 taurus
753 1230 843 1280 aratro
874 1241 878 1244 ’

118 1298 279 1375 Ingemere,
292 1308 321 1357 et
335 1300 415 1357 sulco
430 1301 540 1358 attritus
554 1300 757 1377 splendescere
770 1317 880 1358 vomer.
924 1337 928 1344 -
1008 1314 1013 1323 '

118 1377 173 1434 Illa
186 1397 268 1454 seges
282 1378 402 1436 demum
414 1379 489 1436 votis
503 1378 656 1454 respondet
670 1378 747 1434 avari

117 1456 272 1531 Agricolae,
286 1457 330 1514 bis
342 1475 405 1532 quse
420 1453 582 1530 solem,'bis
595 1456 699 1530 frigora
709 1456 815 1526 sensit;

118 1533 200 1591 lllius
214 1535 362 1591 immensae
377 1524 518 1609 ruperurit
530 1532 633 1590 horrea
646 1551 765 1590 messes.
789 1587 796 1599 ,

156 1614 196 1669 At
208 1609 287 1688 priris
300 1612 430 1687 ignotum
444 1611 518 1668 ferro
533 1608 620 1686 qndm
633 1611 794 1670 scindimus
808 1628 914 1693 sequor,

117 1689 230 1748 Ventos
245 1697 275 1747 et
287 1690 398 1747 varium
412 1689 478 1746 coeli
491 1689 663 1766 praediscere
677 1709 786 1748 morem

118 1767 197 1825 Cura
211 1769 256 1843 sit,
272 1787 305 1825 ac
319 1769 425 1844 patrios
440 1768 591 1844 cultusque
604 1766 776 1845 habitusque
790 1767 928 1843 locorum,

118 1846 159 1904 Et
170 1847 240 1922 quid
253 1866 376 1924 qnaeque
390 1847 461 1904 ferat
475 1847 563 1922 regio,
575 1856 605 1904 et
618 1847 686 1923 quid
700 1866 822 1924 quaeque
836 1854 967 1906 rccuset:

77 1933 80 1938 '
118 1923 177 1982 Hic
193 1934 316 1999 segetes,
330 1925 389 1983 illic
403 1926 525 1983 veniunt
537 1922 650 1982 seliciris
664 1944 748 1998 uvse3

117 2002 240 2061 Arborei
253 2000 432 2079 foetnsalibi,
448 2011 533 2079 atque
546 2003 657 2081 injussa
669 2004 815 2062 virescunt

118 2082 263 2138 Gramina
304 2083 412 2140 Nonne
425 2081 508 2140 vides
522 2099 640 2138 croceos
654 2090 686 2139 ut
700 2081 822 2139 Tmolus
835 2081 948 2159 odores,

117 2158 201 2216 India
214 2161 301 2218 mittit
313 2160 395 2233 ebur,
410 2159 511 2217 molles
526 2178 578 2217 sus
590 2159 675 2217 thura
690 2159 795 2234 Sabaei,

115 2239 156 2295 At
170 2237 315 2314 Chalybes
329 2238 400 2295 nudi
412 2239 529 2311 ferrum,
542 2237 693 2313 virosaque
706 2237 818 2296 Pontus

116 2315 264 2390 Castorea,
279 2316 416 2374 Eliadum
429 2315 541 2392 palmas
555 2315 662 2392 Epirus
677 2318 837 2394 equarum?

117 2391 264 2452 Continud
279 2394 330 2452 has
344 2394 424 2470 leges
439 2402 603 2470 oetemaqne
617 2394 725 2471 foedera
738 2395 824 2454 certis

117 2471 259 2548 Imposuit
269 2480 369 2530 natura
382 2473 465 2547 locis,
481 2493 537 2549 quo
553 2482 683 2550 tempore
696 2471 824 2550 primdm

116 2551 280 2626 Deucalion
294 2563 419 2609 vacuum
432 2551 543 2628 lapides
553 2552 675 2630 jactavit
686 2553 717 2610 in
732 2551 851 2626 orbem3

117 2628 204 2687 Unde
217 2627 351 2687 homines
364 2629 434 2703 nati,
449 2630 552 2688 durum
563 2649 664 2706 genus.
706 2632 787 2708 Ergo
801 2650 864 2710 age,
878 2640 961 2690 tenc

116 2705 231 2782 Pingue
245 2708 348 2782 solum,
362 2709 464 2785 primis
478 2709 624 2787 extemplo
638 2731 656 2768 c
668 2711 818 2769 mensibus
831 2711 909 2786 anni,

117 2785 221 2844 Fortes
235 2787 378 2845 invertant
390 2787 473 2862 tauri,
488 2788 643 2863 glebasque
654 2790 786 2866 jacentes

116 2862 323 2923 Pulverulenta
336 2874 443 2944 coquat
455 2867 573 2924 msturis
586 2866 695 2924 solibus
710 2875 810 2939 παίω

116 2943 165 3016 At,
181 2943 277 3000 sinon
292 2943 377 3001 fuerit
389 2943 475 3002 tellus
490 2945 633 3017 foecunda,
646 2944 699 3003 sub
709 2944 808 3021 ipsum

117 3021 273 3078 Arcturum
288 3021 370 3079 tenui
383 3030 427 3080 sat
439 3023 494 3081 erit
507 3042 555 3081 sus
576 3025 683 3081 endere
696 3023 796 3081 sulco:

118 3096 191 3172 Illic,
207 3098 333 3159 officiant
345 3099 419 3158 lectis
433 3120 471 3159 ne
484 3043 612 3176 frngiius
626 3101 742 3173 herbre3

117 3174 187 3251 Hic,
203 3178 329 3236 sterilem
343 3179 466 3255 exiguus
480 3198 518 3253 qe
532 3180 644 3238 deserat
656 3179 761 3237 humor
774 3197 900 3239 menam.

155 3254 283 3314 Alternis
297 3256 375 3314 idem
388 3265 487 3315 tonsas
501 3275 614 3315 cessere
627 3258 756 3331 noveles,

116 3332 158 3390 Et
171 3352 289 3408 segnem
304 3332 416 3412 patidre
431 3336 487 3393 situ
501 3336 655 3393 durescere
670 3355 823 3412 campum3

116 3413 177 3469 Aut
190 3411 231 3469 ibi
244 3412 320 3470 flava
333 3431 421 3488 seres,
435 3422 544 3472 muuto
559 3414 662 3488 sidere,
676 3414 758 3490 sarrs,

117 3485 205 3549 Unde
219 3488 299 3567 priris
312 3491 411 3550 laetum
424 3491 528 3569 siliqnd
542 3500 694 3568 quassante
706 3491 852 3570 legumen,

116 3569 178 3626 Aut
190 3576 292 3627 tenues
306 3569 392 3629 scetus
405 3570 500 3646 viciae',
514 3569 659 3647 tristisque
672 3571 766 3648 lupini

118 3645 273 3705 Sustuleris
286 3647 400 3723 fragiles
414 3648 544 3707 calamos
552 3649 712 3727 silvamque
725 3658 896 3711 sonantem:
910 3708 912 3712 ,

117 3723 184 3787 Urit
197 3726 274 3784 enim
288 3725 341 3785 lini
354 3742 490 3805 campum
504 3746 599 3804 seges,
611 3727 669 3788 urit
681 3743 792 3807 svessa,
