2400 4178
505 264 509 271 ,
556 219 670 277 LIBER
688 220 723 276 X.

150 368 275 447 Accipit,
290 376 319 428 et
331 369 410 428 molli
423 337 595 431 subnectens
609 372 743 432 circulus
742 392 822 433 auro

151 450 196 507 Te
209 466 323 526 quoqne
337 450 523 525 magnanima
537 452 681 527 viderunt,
690 439 811 529 limare,
825 461 968 529 gentes·

151 527 283 586 Vulnera
296 527 426 604 dirigere,
441 536 470 586 et
483 529 608 588 calamos
623 549 731 589 armare
743 550 871 609 veneno,
1065 539 1119 592 140
1143 576 1145 582 ·

151 607 291 682 Maeoniia,
305 625 453 684 generose,
467 609 571 683 domo;
592 609 682 667 uhi'
655 611 773 686 pinguia
785 611 874 669 culta

152 687 394 762 Exercentque'
367 687 430 763 v1ri,
443 687 655 765 Pactolonque
647 690 744 764 irrigat
757 708 834 748 auro

150 765 244 823 Affuit
257 773 286 822 et
298 765 479 843 Mnestheus,
494 786 578 842 quern
592 767 668 845 pulsi
680 768 799 845 pristina
812 769 904 827 Turni

150 847 264 919 Aggere
279 863 422 903 murorum
437 845 589 903 sublimem
602 847 690 920 gloria
703 847 791 905 tollit:
939 866 940 871 ¹

151 924 192 981 Et
205 925 317 1000 Capys3
338 923 407 981 hinc
421 943 526 991 nomen
541 925 696 1000 Campanae
708 926 820 984 ducitur
832 925 905 984 urbi.
1065 932 1120 986 145

191 1002 237 1059 Illi
250 1003 323 1058 inter
336 1015 399 1060 sese
413 1002 476 1059 duri
490 1002 726 1072 certaminabelli

152 1080 356 1153 contulerant,
349 1100 356 1113 ·
378 1080 474 1138 medii
487 1080 595 1138 AEneas
609 1081 679 1138 sreta
692 1090 776 1139 nocte
790 1080 912 1140 secabat

151 1159 285 1235 Namque
298 1167 331 1216 ut
344 1158 379 1215 ab
394 1159 529 1216 Er’andro
544 1159 663 1217 castris
655 1178 799 1235 rngressus
810 1160 939 1219 Etruscis

98 1239 114 1260 Υ
151 1238 264 1312 Regem
278 1237 345 1311 adit,
361 1245 389 1295 et
402 1237 462 1312 regi
474 1246 611 1295 memorat
624 1258 785 1315 nomenque
799 1258 963 1317 genusque;

153 1317 268 1386 Quidve
281 1335 317 1393 pe
318 1324 359 1374 tat
360 1316 508 1392 ,quidve
501 1335 562 1393 ipse
576 1317 655 1391 serat,
669 1317 832 1381 Mezentius
846 1338 923 1376 arma
1064 1324 1118 1376 150

153 1396 226 1465 Quae
241 1395 296 1453 sibi
309 1395 451 1471 conciliet,
465 1394 645 1487 violentaque
658 1404 774 1473 pectora
786 1396 886 1472 Turni,

152 1474 281 1546 Edocct;
303 1474 435 1532 humanis
449 1493 513 1551 quae
527 1475 564 1533 sit
577 1475 680 1549 fiducia
693 1474 777 1532 rebus

150 1554 311 1625 Admonet,
332 1554 529 1631 immiscetque
543 1573 661 1631 preces:
683 1554 761 1611 haud
773 1554 805 1612 fit
818 1573 916 1628 mora,
935 1553 1047 1613 Tarcho

150 1632 167 1688 J
169 1633 249 1706 ungit
262 1651 340 1709 opes,
354 1632 502 1708 foedusque
516 1632 587 1690 ferit.
629 1633 705 1689 Tum
719 1631 810 1690 libera
821 1633 871 1690 lati
966 1658 976 1708 .'

151 1710 281 1767 Classem
295 1711 462 1768 conscendit
470 1711 558 1789 jussis
571 1728 641 1786 gens
655 1711 747 1787 Lydia
760 1710 870 1786 divim,
960 1770 962 1773 ,
1064 1715 1118 1768 155

121 1841 123 1845 ,
151 1789 280 1846 Externo
294 1789 446 1847 commissa
459 1790 533 1847 duci.
574 1789 682 1846 AEneia
695 1790 797 1866 puppis

150 1868 247 1924 Prima
261 1876 348 1942 tenet,
363 1875 452 1925 rostro
465 1867 771 1944 Phrygios‘suhjuncta
783 1867 903 1926 leones:

151 1947 285 2004 Imminet
300 1947 352 2004 Ida
365 1965 458 2024 super,
472 1946 598 2023 profugis
611 1947 770 2021 gratissima
782 1946 911 2004 Teucris.

150 2024 209 2083 Hic
223 2045 341 2101 magnus
355 2026 436 2084 sedet
448 2025 566 2099 AEneos,
581 2042 735 2118 secumque
748 2025 856 2085 volutat

150 2104 281 2163 Eventus
294 2105 363 2163 belli
375 2105 484 2163 varios:
503 2103 663 2180 Pallasque,
679 2105 790 2162 sinistro

149 2183 261 2242 Affixus
268 2185 387 2278 lateri,
375 2204 435 2263 Jarn
449 2184 551 2261 quaerit
564 2183 671 2280 sidera,
681 2201 777 2260 opacae

149 2261 274 2321 Noctis
266 2266 350 2338 rter,'
338 2283 399 2342 Jam
412 2282 476 2338 qua
489 2281 589 2340 passus
602 2264 732 2338 terraique
747 2263 884 2338 marique.

188 2341 309 2399 Pandite
323 2361 401 2400 nunc
414 2341 566 2416 Helicona,
580 2341 664 2432 Deae,
679 2351 844 2433 cantusque·
849 2348 977 2415 movete;

151 2418 224 2488 Quae
239 2438 340 2476 manus
353 2421 465 2479 interea
474 2420 578 2477 Tuscis
592 2420 742 2478 comitetur
755 2421 791 2478 ab
805 2420 861 2483 oris
953 2443 955 2447 ¹

149 2496 275 2571 AEnean,
290 2506 435 2592 armetque
449 2505 532 2572 rates,
546 2496 704 2574 pelagoque
718 2498 847 2557 vehatur.

189 2575 332 2632 Massicus
346 2575 431 2632 aerati
443 2575 579 2651 princeps
590 2585 668 2633 secat
681 2595 795 2667 aequora
808 2575 905 2650 Tigri.

152 2652 210 2709 Sub
224 2672 281 2728 quo
295 2653 374 2710 mille
388 2671 489 2710 manus
498 2654 648 2730 juvenum,
662 2654 712 2728 qui
725 2653 830 2711 moenia
843 2652 933 2728 Clusi,

151 2731 267 2808 Quique
276 2731 376 2789 urbem
389 2727 499 2810 liqudre
513 2731 612 2805 Cosas,
627 2731 707 2807 queis
721 2730 786 2805 tela,
801 2731 932 2806 sagitta,

150 2811 306 2887 Corytique
319 2810 398 2868 leves
403 2802 540 2869 humeris
553 2817 583 2866 et
595 2809 688 2867 letifer
701 2826 791 2868 arcus.

150 2890 218 2950 Una
232 2899 328 2950 torvus
342 2889 439 2962 Abas;
460 2888 528 2947 huic
542 2895 632 2947 totum
645 2888 805 2965 insignibus
820 2887 905 2946 armis

148 2972 273 3045 Agmen,
288 2977 317 3027 et
329 2978 426 3027 aurato
440 2967 566 3043 fulgebat
577 2966 712 3043 Apolline
725 2966 838 3045 puppis

151 3049 309 3107 Sexcentas
322 3048 364 3105 illi
377 3048 495 3106 dederat
507 3046 667 3123 Populonia
681 3055 771 3105 mater

150 3127 294 3204 Expertos
308 3127 399 3185 belli
387 3145 528 3206 juvenes:
550 3132 593 3183 ast
606 3124 669 3183 Ilva
681 3133 823 3184 trecentos

151 3204 259 3279 Insula,
273 3205 451 3264 inexhaustis
465 3203 629 3281 Chalybum
644 3223 782 3297 generosa
794 3203 925 3262 metallis.

151 3283 275 3357 Tertius,
289 3283 338 3340 illc
351 3284 500 3342 hominum
513 3282 667 3374 divirmque
681 3284 820 3360 interpres
831 3282 944 3359 Asylas,

151 3362 207 3419 Cui
221 3352 363 3438 pecudum
376 3361 464 3438 fihrae,
478 3362 543 3421 coeli
557 3381 603 3420 cur
595 3361 709 3420 'sidera
720 3369 894 3439 parent,

152 3440 193 3498 Et
204 3440 310 3515 linguae
323 3406 493 3532 volucrurrl,
494 3447 524 3499 et
536 3459 656 3516 praesagi
648 3440 817 3498 'fulminis'
809 3456 900 3514 ignes,

152 3518 236 3576 Mille
250 3518 323 3594 rapit
335 3519 438 3576 densos
452 3519 513 3576 acie
527 3526 611 3596 atque
624 3517 803 3576 horrentibus
816 3515 914 3574 hastis.

151 3597 216 3655 Hos
230 3615 328 3673 parere
338 3595 441 3675 jubent
454 3596 575 3673 Alpheae
591 3596 625 3654 ab
639 3597 748 3674 origine
761 3595 848 3669 Pisae,
1034 3659 1038 3670 ἱ

152 3676 229 3738 Urbs
243 3677 366 3734 Etrusca
378 3675 448 3733 solo.
490 3675 623 3750 Sequitur
635 3673 841 3766 pulcherrimus
854 3673 950 3748 Astur,
1063 3677 1118 3732 180

151 3758 241 3817 Astur
253 3773 327 3832 equo
340 3754 442 3830 fidens,
455 3761 485 3812 et
496 3753 713 3830 versicoloribus
727 3751 821 3811 armis.
