2400 4178
110 210 163 269 m
541 205 724 272 &umbos

111 361 191 433 Quid
204 360 310 421 struit?
332 367 381 418 aut
393 361 451 437 qui
464 377 516 438 spe
530 358 649 419 inimici
663 361 692 417 in
707 368 793 436 gente
806 364 955 422 moratur?
1035 367 1094 424 235

109 440 177 498 Nec
191 440 301 520 prolem
316 439 477 497 Ausoniam
491 448 521 497 at
533 439 656 496 Lavinia
669 440 787 515 respicit
801 442 890 499 arva?

109 519 141 577 N
142 518 254 594 aviget3
277 518 338 575 hoec
352 537 465 575 summa
479 527 539 575 est:
562 516 610 574 hic
625 517 715 575 nostri
728 519 846 578 nuntius
860 527 931 579 esto.

148 597 280 655 Dixerat.
323 595 377 654 Ille
391 597 478 673 patris
493 595 589 670 magui
603 614 703 672 parere
716 597 835 672 parabat

109 674 237 752 Imperio
251 694 258 731 :
281 683 310 733 et
322 672 449 752 primum
462 675 585 750 pedihus
600 674 698 731 talaria
712 676 802 734 nectit

108 755 215 828 Aurea,
230 772 295 828 quae
310 752 462 810 sublimem
477 754 539 828 alis,
554 752 616 810 sive
630 772 745 828 aequora
757 773 853 831 supra,

110 832 170 890 Seu
184 840 298 906 terram,
313 832 414 908 rapido
426 832 533 908 pariter
546 851 613 889 cum
628 832 745 891 flamine
758 841 881 910 portant.
979 876 982 881 -

108 909 186 967 Tum
200 910 310 984 virgam
324 911 421 986 capit:
444 910 501 968 hic
515 911 627 967 animas
640 909 690 967 ille
704 919 808 969 evocat
821 913 898 972 Orod

108 986 265 1063 Pallentes,
281 988 350 1046 alias
364 988 419 1046 suh
433 989 553 1047 Tartara
566 989 657 1047 tristia
670 990 775 1064 mittit3

107 1066 168 1125 Dat
181 1086 307 1143 somnos,
322 1068 491 1143 adimitque,
504 1076 534 1126 et
545 1067 657 1125 lumina
670 1077 762 1127 morte
776 1070 920 1146 resignat:

109 1144 164 1202 Illa
177 1145 266 1204 fretus
281 1148 339 1221 agit
351 1155 463 1221 ventos,
478 1155 508 1204 et
521 1146 634 1204 turbida
647 1155 740 1206 tranat

108 1223 227 1282 Nubila.
268 1225 391 1300 Jamque
405 1225 504 1283 volnus
519 1225 631 1302 apicem
647 1233 676 1283 et
689 1225 779 1287 latera
792 1228 880 1286 ardua
892 1228 985 1287 cernit

107 1302 233 1361 Atlantis
247 1304 320 1379 duri,
335 1303 440 1363 coelum
455 1304 506 1380 qui
519 1305 628 1363 vertice
640 1304 739 1379 sulcit;

107 1382 242 1457 Atlantis,
257 1383 384 1441 cinctum
398 1380 514 1441 assidue
529 1384 576 1441 cui
589 1383 715 1440 nubibus
729 1383 796 1440 atris

107 1460 269 1518 Piniferum
284 1470 412 1537 caputet
427 1470 514 1519 vento
527 1462 657 1538 pulsatur
671 1468 700 1517 et
713 1460 816 1518 imbri:
837 1500 843 1512 .

107 1539 170 1597 Nix
184 1539 321 1596 humeros
335 1539 430 1596 infusa
442 1539 531 1612 tegit3
544 1548 613 1597 tum
627 1538 747 1596 flumina
760 1548 859 1598 mento

108 1616 296 1694 Praecipitant
310 1617 397 1692 senis,
412 1625 442 1674 et
454 1617 546 1691 glacie
560 1618 634 1693 riget
645 1617 761 1676 horrida
773 1618 870 1677 barba.

108 1694 168 1754 Hic
180 1693 306 1772 primiim
320 1695 437 1773 paribus
450 1695 546 1755 nitens
560 1696 712 1774 Cyllenius
727 1698 779 1756 alis

108 1774 261 1833 Constitit:
283 1774 352 1833 hinc
366 1784 426 1834 toto
439 1795 571 1853 praeceps
585 1795 749 1853 secorpore
764 1777 801 1836 ad
813 1777 908 1836 undas

108 1853 211 1928 Misit;
233 1854 279 1912 avi
294 1855 405 1930 similis,
420 1874 485 1930 quae
501 1856 609 1914 circum
623 1856 726 1932 littora,
741 1857 850 1914 circum

59 1944 63 1949 '
107 1932 242 1991 Piscosos
256 1935 400 2011 scopulos,
415 1935 534 1993 humilis
548 1935 626 1993 volat
639 1954 755 2011 aequora
762 1937 857 2013 juxta.

108 2010 197 2071 Haud
211 2012 293 2070 aliter
306 2021 394 2071 terras
408 2013 483 2072 inter
497 2014 662 2089 coelumque
676 2013 791 2073 volabat

108 2090 203 2149 Littus
218 2110 368 2149 arenosum
383 2091 419 2149 ad
433 2091 544 2166 Libyae,
558 2101 718 2166 ventosque
732 2091 857 2167 secabat,

108 2169 242 2226 Materno
257 2170 377 2227 veniens
392 2169 428 2226 ab
443 2188 496 2226 avo
511 2169 645 2245 Cyllenia
657 2170 761 2247 proles.
851 2181 854 2186 ’

147 2247 190 2306 Ut
202 2245 327 2322 primum
342 2247 422 2305 alatis
436 2247 530 2323 tetigit
544 2248 666 2322 magalia
678 2248 793 2325 plantis,

107 2324 224 2384 AEnean
238 2326 408 2384 fundantem
422 2326 501 2385 arces
515 2346 549 2385 ac
563 2335 639 2385 tecta
651 2334 807 2385 novantem

108 2403 276 2482 Conspicit3
300 2413 385 2480 atque
398 2404 441 2463 illi
455 2405 585 2464 stellatus
598 2406 709 2482 iaspide
722 2406 802 2463 fulvi

107 2482 197 2541 Ensis
211 2491 281 2559 erat,
296 2484 444 2560 Tyrioque
459 2485 577 2543 ardebat
590 2486 699 2544 murice
712 2485 788 2543 loena

107 2560 244 2621 Demissa
257 2582 294 2621 ex
308 2563 456 2637 humeris3
478 2565 559 2623 dives
573 2585 637 2641 quae
652 2584 773 2623 munera
786 2564 865 2623 Dido

107 2639 240 2717 Fecerat,
256 2651 286 2701 et
298 2642 379 2701 tenui
393 2643 465 2702 telas
480 2645 654 2704 discreverat
667 2665 746 2703 auro.

107 2718 255 2779 Continui>
269 2722 395 2781 invadit:
419 2724 466 2781 Tu
481 2744 559 2782 nunc
574 2724 756 2800 Carthaginis
771 2722 835 2781 altae

106 2797 309 2860 Fundamenta
323 2802 411 2877 locas,
425 2803 634 2880 pulchramque
648 2803 768 2859 uxorius
781 2800 884 2860 urbem

107 2876 252 2937 Extruis?
272 2880 350 2938 heu!
371 2882 453 2955 regni
466 2899 620 2954 rerumque
634 2879 723 2937 oblite
737 2881 869 2937 tuarum!

107 2955 176 3031 Ipse
190 2957 277 3015 deirm
290 2957 343 3015 tibi
357 2977 405 3015 me
419 2958 496 3014 claro
511 2957 634 3016 demittit
648 2957 774 3033 Olympo

106 3034 264 3109 Regnator,
279 3035 386 3094 coelum
400 3044 429 3094 et
442 3043 531 3094 terras
545 3036 594 3111 qui
608 3036 727 3094 numine
741 3043 873 3111 torquet3

106 3112 175 3189 lpse
188 3113 253 3171 haec
269 3114 342 3171 serre
351 3113 437 3191 jubet
450 3114 558 3172 celeres
573 3114 707 3172 mandata
720 3132 773 3189 per
787 3132 886 3171 auras:

107 3190 188 3262 Quid
202 3193 310 3250 struis?
332 3199 382 3251 aut
394 3192 452 3268 qui
467 3212 518 3269 spe
532 3193 650 3269 Libycis
664 3192 731 3249 teris
746 3191 804 3250 otia
816 3192 920 3253 terris?

108 3269 140 3328 Si
154 3279 183 3329 te
196 3271 275 3329 nulla
288 3281 387 3330 movet
399 3280 541 3330 tantarum
556 3271 646 3347 gloria
658 3290 764 3345 rerum,

106 3348 173 3407 Nec
187 3369 274 3427 super
287 3351 351 3428 ipse
362 3351 412 3410 tna
425 3350 534 3409 moliris
548 3351 634 3409 laude
647 3349 792 3424 lahorem;

106 3429 265 3487 Ascanium
280 3437 445 3507 surgentem
459 3437 488 3489 et
501 3449 568 3507 spes
581 3428 705 3488 haeredis
720 3429 778 3487 liili

106 3506 244 3585 Respice,
259 3510 305 3567 cui
319 3529 439 3585 regnum
454 3509 545 3569 ltaliae
558 3509 749 3585 Romanaque
763 3508 852 3568 tellus

107 3584 268 3644 Debentur.
310 3589 377 3647 Tali
392 3589 542 3666 Cyllenius
556 3607 605 3647 ore
617 3587 730 3646 locutus

107 3663 247 3722 Mortales
260 3665 339 3725 visus
353 3669 449 3727 medio
463 3686 595 3726 sermone
608 3666 734 3743 reliquit,

108 3742 149 3803 Et
160 3743 260 3824 procul
274 3743 304 3803 in
318 3753 436 3806 munem
450 3766 489 3805 ex
501 3746 592 3806 oculis
606 3747 723 3806 evanuit
736 3763 846 3805 auram.
