2370 4176
506 171 623 225 LIBER
639 170 675 223 V.

93 295 292 393 Et'clypeum
306 314 401 374 efferri
410 316 507 392 jussit,
522 317 713 392 Didymaonis
725 328 812 393 artes,

100 395 234 472 Neptuni
248 414 330 453 sacro
343 394 454 450 Danais
467 395 504 450 de
517 404 600 472 poste
613 397 745 452 relixum.

98 477 168 532 Hoc
175 467 321 552 ‘juvenem
335 472 483 548 egregium
496 475 645 549 prrestanti
658 492 778 532 munere
789 474 894 536 M
908 519 918 535 .

140 551 221 627 Post,
236 552 289 610 ubi
302 551 426 609 confecti
439 570 548 626 cursus,
562 561 594 610 et
606 552 684 610 dona
694 554 822 630 peregit:

100 632 201 705 Nunc,
217 631 243 688 si
257 629 307 688 cui
319 630 410 688 virtus
418 629 593 706 pnimusqne
607 631 638 686 in
650 640 769 707 pectore
779 649 919 709 presens,

77 750 81 758 -
101 711 195 785 Adsit,
210 717 241 768 et
254 708 377 767 evinctis
390 708 500 767 attollat
510 709 630 767 brachia
641 709 756 786 palmia

103 781 150 847 Sic
165 789 220 860 ait;
243 795 273 845 et
287 787 433 862 geminum
446 807 551 864 pugne
564 789 699 864 proponit
711 788 870 846 honorem:

101 867 214 924 Victori
227 866 353 924 velatum
367 884 437 923 auro
450 866 584 942 vittisque
593 870 771 943 juvencum

102 946 223 1020 Ensem,
239 953 324 1020 atque
337 945 480 1018 insignem
494 945 617 1020 galeam,
631 945 733 1003 solatia
744 946 830 1003 ricto·

101 1025 131 1081 N
133 1043 166 1081 ec
181 1043 276 1095 mora3
299 1019 437 1080 continuo
451 1023 538 1081 vastis
551 1042 617 1080 cum
631 1023 742 1081 viribus
754 1022 838 1080 effert

102 1102 161 1160 Ora
174 1102 275 1176 Dares,
287 1119 450 1177 magnoque
463 1101 556 1159 virium
569 1121 601 1159 se
614 1120 761 1160 munnure
774 1101 867 1159 tollit:

103 1180 187 1237 Solus
201 1181 249 1257 qui
263 1180 400 1238 Paridem
415 1179 515 1238 solitus
528 1181 705 1239 contendere
717 1190 834 1253 contra;

28 1290 31 1294 ⁴
101 1259 242 1336 idemque
256 1259 292 1316 ad
306 1257 450 1316 tumulum
464 1278 522 1335 quo
533 1259 680 1316 maximus
693 1257 818 1318 occubat
830 1257 941 1317 Hector

101 1337 249 1395 Victorem
264 1338 362 1406 Buten
376 1338 495 1394 immani
509 1356 640 1414 corpore,
654 1337 751 1413 quise

101 1415 246 1492 Bebrycii
260 1417 379 1474 veniens
392 1416 499 1492 Amyci
511 1417 550 1473 de
563 1424 651 1492 gente
661 1415 782 1487 serebat,

100 1495 237 1570 Perculit,
252 1503 282 1553 et
294 1495 372 1552 sulvat
385 1494 587 1553 moribundum
600 1494 734 1552 extendit
746 1495 843 1552 areni.
955 1551 961 1559 ,

101 1573 182 1630 Talis
195 1574 287 1650 prima
299 1574 392 1631 Dares
406 1581 492 1651 eaput
505 1574 593 1632 altrrm
606 1573 636 1631 in
649 1572 752 1651 proelia
765 1571 857 1631 tollit:

98 1652 293 1729 Ostenditque
305 1652 443 1709 humeros
456 1652 539 1726 latos,
553 1653 718 1728 alternaque
727 1654 820 1729 jactat

99 1730 226 1789 Brachia
238 1732 423 1808 protendens,
438 1737 468 1789 et
481 1729 612 1788 verberat
623 1729 729 1788 ictibus
742 1747 833 1787 auras.

46 1861 50 1868 .
101 1810 248 1881 Quaeritur
260 1809 330 1868 huic
344 1808 432 1866 clius:
454 1827 510 1866 neo
524 1809 727 1885 quisquemon
740 1806 854 1883 agmine
866 1815 946 1868 tanto

99 1889 196 1948 Audet
209 1889 288 1946 adire
302 1888 406 1962 virum,
420 1887 610 1964 manibusque
623 1886 760 1944 inducere
774 1894 885 1944 cresms.
1001 1949 1007 1956 ,

100 1968 178 2044 Ergo
190 1968 302 2041 alacris,
318 1975 495 2043 cunctosque
507 1975 612 2044 putans
626 1965 769 2023 excedere
781 1963 885 2043 palmi,

97 2047 204 2104 AEnete
218 2047 298 2105 stetit
311 2046 501 2123 antepedes,
520 2065 576 2104 nec
588 2043 673 2122 plura
685 2051 820 2120 moratus,

100 2125 178 2182 Tum
191 2126 266 2184 laevri
280 2133 391 2183 taurum
406 2143 495 2183 cornu
509 2133 597 2200 tenet,
612 2131 697 2201 atque
711 2124 751 2182 ito
764 2122 854 2182 fatur:

100 2204 177 2262 Nate
191 2205 256 2280 deal,
271 2204 295 2261 si
309 2222 394 2262 nemo
408 2204 494 2262 audet
507 2223 538 2263 se
553 2203 671 2262 credere
684 2222 803 2281 pugnae,
901 2238 907 2246 ·

86 2298 89 2302 ’
102 2284 177 2353 Quae
191 2284 257 2341 finis
271 2283 385 2358 standi?
405 2280 461 2361 qud
475 2302 522 2342 me
536 2284 621 2344 decet
633 2301 724 2361 usque
738 2282 849 2352 teneri?

101 2362 216 2420 Ducere
229 2363 304 2420 dona
312 2362 393 2441 jube.
434 2363 539 2424 Cuncti
553 2362 639 2422 simul
654 2382 702 2422 ore
716 2361 876 2425 fremebant

102 2441 283 2516 Dardanidae,
298 2441 434 2519 reddique
447 2442 508 2499 viro
522 2441 662 2518 promissa
669 2440 820 2520 jubebunt.
874 2486 878 2493 .

99 2517 161 2577 Hic
176 2520 267 2594 gravis
280 2520 429 2578 Entellum
443 2520 528 2579 dictis
543 2520 663 2596 castigat
674 2522 808 2596 Acestes,

101 2598 254 2657 Proximus
267 2607 299 2658 ut
307 2599 451 2656 viridante
465 2607 526 2656 toro
538 2599 707 2659 consederat
721 2598 836 2657 herbe:

102 2677 227 2753 Entelle,
241 2679 361 2737 heroum
372 2677 517 2754 quondam
531 2676 683 2736 fortissime
697 2679 809 2754 tunna,

103 2756 303 2819 Tantanetam
316 2757 428 2835 patiens
442 2756 523 2815 nullo
538 2757 694 2815 certamine
708 2756 770 2815 tolli
1019 2757 1080 2813 290

102 2835 188 2893 Dona
200 2836 297 2894 sines?
316 2836 366 2894 ubi
379 2854 457 2895 nuuc
471 2835 554 2895 nobis
567 2836 638 2896 deus
651 2836 711 2913 ille,
726 2837 859 2916 magister

103 2913 305 2993 Nequidquam
317 2924 498 2992 memoratus,
513 2917 594 2994 Eryx
605 2919 616 2976 ἓ
635 2917 687 2986 ubi
700 2917 777 2977 tamo
787 2938 839 2998 per
850 2938 970 2983 mm

104 2993 288 3070 Trinacriam,
302 3002 332 3053 et
377 2995 434 3055 olia
445 2995 495 3054 illa
508 2997 564 3056 tuis
576 2998 732 3076 pendentia
744 3001 848 3061 tectis?

104 3071 157 3131 llle
170 3072 222 3131 sub
235 3073 316 3132 haec:
367 3095 404 3135 on
417 3075 510 3135 laudis
523 3095 610 3155 amor,
624 3098 679 3138 nec
690 3077 781 3157 gloria
792 3084 880 3144 cessit

103 3150 190 3209 Pulsa
202 3162 299 3228 metu5
318 3155 370 3215 sod
382 3155 460 3215 enim
472 3155 584 3232 gelidus
597 3160 724 3220 tardante
737 3165 853 3225 renecti
929 3190 937 3203 ·
1012 3156 1077 3216 Μ

104 3230 224 3322 Sanguis
236 3231 332 3310 hebet,
344 3234 503 3313 frigentque
515 3236 618 3299 effoetae
632 3241 662 3299 in
676 3259 794 3320 corpore
803 3245 889 3305 vires.

68 3365 76 3377 ,
106 3309 136 3367 Sr
148 3310 228 3388 milri,
241 3331 304 3390 que
316 3314 460 3391 qnondam
473 3315 574 3395 luerat,
587 3321 702 3399 quique
715 3321 863 3402 improbus
874 3323 932 3385 inte

104 3389 235 3451 Exsultat
246 3392 347 3472 fidens,
359 3394 385 3454 si
396 3415 473 3455 nnnc
484 3395 806 3480 forctillajuventas5·

104 3467 696 3622 Haudeqnidemprctio'mductmpalcd·
757 3487 912 3642 em
1012 3550 1079 3616 m

105 3705 237 3788 eroes
248 3641 805 3799 fflffifflffi

258 3795 294 3850 u
