2400 4178
472 169 805 305 (scurrarum¹
913 220 982 287 μ

108 355 264 432 Obstupuit
276 363 355 414 tanto
368 372 523 432 percussus
536 356 656 415 nomine
666 355 762 415 Pallas
774 375 784 413 τ
823 400 828 409 .
861 367 862 370 ’

47 464 49 468 ⁷
107 434 264 510 Egredere‚
278 453 295 491 o
310 433 481 510 quicumque
495 453 537 510 es,
552 435 600 509 ait,
615 431 770 510 corbmque
783 441 935 511 parentem

106 513 271 586 Alloquere‚
287 531 321 570 ac
333 512 436 571 nostris
449 513 574 571 succede
587 512 745 571 Penatibus
757 512 876 590 hospes..
923 578 930 587 ,

107 591 289 667 Excepitque
303 608 398 666 manu,
413 591 599 667 dextramque
613 591 765 668 amplexus
778 591 903 650 inhaesit.

106 668 254 742 Progressi
266 668 390 726 subeunt
402 668 479 744 luco,
492 669 670 746 fluviumque
683 669 857 746 relinquunt.
1027 671 1084 726 125

146 746 222 803 Tum
236 765 330 822 regem
345 747 456 804 AEneas
469 747 553 806 dictis
568 747 668 805 affatur
682 747 801 806 amicis:
859 807 860 810 ,

108 824 224 899 Optime
239 825 446 902 Grajugenirm,
461 825 509 883 cui
522 845 569 883 me
583 826 695 884 fortuna
707 826 828 902 precari,
902 862 919 892 .

89 961 91 965 ,
106 904 147 959 Et
160 903 230 960 vitta
245 913 375 979 comptos
389 903 480 960 voluit
493 905 670 978 praetendere
684 922 787 979 ramos,

106 981 174 1038 Non
184 982 325 1056 equidem
339 981 463 1037 extimui
476 979 611 1037 Danairm
625 978 704 1057 qubd
718 981 818 1039 ductor
831 990 861 1040 et
873 985 972 1058 Arcas,

109 1056 253 1134 Qubdque
268 1059 303 1115 ab
318 1059 405 1134 stirpe
419 1057 494 1114 fores
507 1059 630 1133 geminis
643 1061 813 1134 conjunctus
826 1061 953 1134 Atridis3
1028 1064 1087 1118 13⁰

109 1129 167 1193 Sed
181 1155 247 1192 mea
259 1154 306 1191 me
320 1137 418 1210 virtus,
433 1143 462 1193 et
475 1143 573 1194 sancta
586 1137 702 1193 oracula
716 1137 825 1213 divum,
889 1194 892 1200 ,

108 1214 287 1288 Cognatique
301 1221 404 1289 patres,
415 1221 468 1271 ,tua
481 1213 562 1270 terris
576 1214 665 1272 didita
678 1215 764 1290 fama,

109 1289 297 1367 conjunxere
310 1290 372 1364 tibi,
387 1299 416 1348 et
430 1291 494 1348 satis
509 1289 593 1365 egere
608 1293 762 1351 volentem.

108 1369 269 1441 Dardanus,
285 1368 381 1425 Iliacre
395 1370 503 1445 primus
516 1378 597 1446 pater
609 1370 732 1428 urbis-et
745 1379 854 1446 auctor,

108 1447 235 1521 Electri,
250 1456 282 1503 ut
296 1447 376 1503 Graii
388 1448 551 1523 perhibent,
566 1448 713 1506 Atlantide
728 1458 830 1525 cretus,
1029 1452 1086 1507 135

107 1525 270 1582 Advehitur
283 1525 430 1583 Teucros:
454 1527 598 1606 Electram
613 1527 755 1585 maximus
769 1528 852 1585 Atlas

108 1604 218 1677 Edidit,
234 1603 367 1660 aetherios
379 1605 501 1662 humero
516 1605 565 1681 qui
578 1606 700 1664 sustinet
713 1604 805 1663 orbes.

108 1681 200 1738 Vobis
215 1682 378 1739 Mercurius
391 1690 472 1758 pater
486 1692 538 1756 est,
554 1702 641 1758 quem
655 1684 777 1742 candida
790 1684 873 1741 Maia

109 1759 239 1834 Cyllenae
254 1760 348 1834 gelido
363 1769 537 1835 conceptum
551 1763 658 1819 vertice
672 1757 765 1832 fudit3

107 1839 149 1893 At
162 1837 282 1912 Maiam,
298 1838 401 1894 auditis
415 1838 439 1895 si
454 1838 609 1913 quidquam
625 1839 778 1914 credimuS,
792 1839 885 1913 Atlas,
1031 1843 1088 1896 140

110 1914 191 1972 Idem
206 1915 287 1972 Atlas
301 1923 419 1989 generat
432 1916 497 1973 coeli
512 1916 561 1991 qui
575 1917 668 1973 sidera
681 1916 762 1974 tollit.
1088 1913 1097 1940 ‘

110 1994 157 2050 Sic
172 2013 263 2068 genus
278 1994 425 2051 amborum
439 1994 544 2052 scindit
557 2012 588 2051 se
600 1995 739 2069 sanguine
753 1993 788 2051 ab
801 2013 869 2050 uno.

73 2112 76 2119 -
109 2072 164 2129 His
178 2073 275 2145 fretus,
290 2090 348 2128 non
362 2073 481 2147 legatos,
496 2091 591 2148 neque
604 2073 698 2148 prima
710 2091 762 2148 por
775 2080 864 2130 artem

108 2151 300 2209 Tentamenta
313 2151 354 2207 tui
367 2152 482 2227 pepigi:
505 2169 561 2223 me,
576 2170 622 2208 me
637 2151 708 2227 ipse,
723 2169 880 2227 meumque
901 2209 904 2216 ,
969 2180 972 2185 ·

110 2228 213 2305 Objeci
228 2237 321 2304 caput,
337 2229 549 2307 etsupplexad
564 2229 751 2286 liminaveni.
779 2274 784 2287 .
1032 2233 1089 2287 145

110 2307 189 2363 Gens
204 2307 316 2381 eadem,
330 2327 395 2384 quae
409 2316 447 2381 te,
463 2307 571 2365 crudeli
585 2307 702 2364 Daunia
714 2306 791 2364 bello
859 2362 863 2370 ,

110 2383 293 2459 Insequitur:
315 2405 368 2442 nos
382 2386 406 2442 si
420 2385 537 2461 pellant,
552 2384 625 2447 nihil
640 2385 735 2442 abfore
749 2386 882 2443 credunt.

111 2461 191 2530 Quin
205 2480 321 2518 omnem
335 2463 508 2537 Hesperiam
521 2458 636 2537 penitils
650 2472 702 2519 sua
715 2463 769 2519 sub
778 2466 849 2539 juga
863 2458 987 2538 mittant,
1089 2463 1094 2469 ’

110 2538 151 2594 Et
165 2557 242 2594 mare
256 2539 333 2612 quod
348 2537 433 2612 suprd
447 2546 574 2612 teneant,
588 2541 722 2616 quodque
736 2540 816 2597 alluit
829 2537 911 2596 iusrd.
1132 2612 1135 2617 Ι

110 2616 220 2690 Accipe
235 2615 328 2690 daque
343 2615 449 2670 fidem:
472 2615 820 2674 suntnobislortiabello
853 2670 856 2675 ,
1033 2621 1090 2674 150

110 2693 240 2766 Pectora,
256 2699 321 2750 sunt
335 2691 432 2765 animi,
447 2702 477 2749 et
489 2692 574 2749 rebus
589 2694 716 2769 spectata
725 2695 873 2770 juventus

72 2836 76 2845 Ι
149 2772 271 2829 Dixerat
284 2770 412 2828 AEneas:
435 2771 484 2827 ille
498 2789 530 2827 os
544 2771 700 2846 oculosque
714 2770 856 2846 loquentis

108 2851 126 2907 J
128 2871 174 2908 am
189 2851 298 2908 dudum
313 2857 342 2908 et
355 2857 447 2907 totum
461 2848 598 2907 lustrabat
610 2849 720 2906 lumine
734 2867 846 2924 corpus.

109 2929 185 2987 Tum
202 2931 243 2988 sic
256 2947 349 3005 pauca
362 2917 466 2985 reflrt:
485 2927 531 3002 ⁸Ut
544 2936 583 3003 te,
597 2927 749 2986 fortissime
764 2925 922 3003 Teucrirm,

109 3008 231 3085 Accipio
246 3023 426 3083 agnoscoque
440 3005 553 3064 libc'ns!
575 3015 607 3064 nt
619 3005 706 3064 rerba
720 3006 845 3083 parentis
1035 3009 1092 3062 155

109 3088 151 3144 Et
163 3107 265 3144 vocem
279 3085 415 3144 Anchise
430 3085 528 3160 magni
542 3085 712 3161 vultumque
726 3085 875 3142 recordor!

109 3165 140 3222 N
142 3185 187 3221 am
203 3165 320 3222 memini
334 3163 473 3222 Hesionae
488 3164 631 3221 visentem
646 3183 733 3239 regna
747 3163 850 3221 sororis

111 3242 374 3321 Laomedontiaden
387 3242 545 3317 Priamum,
562 3241 708 3299 Salamina
721 3250 879 3318 petentem,

110 3318 252 3376 Protenus
266 3320 396 3377 Arcadiae
411 3321 521 3396 gelidos
534 3320 659 3378 invisere
673 3321 754 3378 fines.

110 3397 188 3453 Tum
203 3397 273 3455 mihi
287 3397 379 3472 prima
392 3417 480 3473 genas
492 3399 616 3457 vestibat
628 3399 699 3456 flore
709 3401 850 3476 juventa3
1032 3400 1091 3454 160

111 3474 295 3550 Mirabarque
310 3476 399 3533 duces
412 3475 560 3550 Teucros3
582 3475 705 3534 mirabar
719 3486 748 3534 et
761 3476 856 3554 ipsum

110 3553 395 3610 Laomedontiaden:
417 3555 468 3611 sed
481 3556 592 3613 cunctis
607 3555 689 3613 altior
702 3553 762 3613 ibat

109 3630 263 3688 Anchises.
305 3631 381 3687 Mihi
396 3634 619 3710 mens'juvenali
633 3633 750 3691 ardebat
764 3651 860 3690 amore

111 3709 293 3787 Compellare
306 3708 411 3784 virum,
425 3717 455 3768 et
468 3711 576 3770 denne
591 3714 767 3790 conjungere
781 3711 932 3770 dextram:
