2400 4178
510 191 627 250 aranu
645 191 695 272 rx.

112 337 244 400 Vocibus
256 338 303 400 his
317 340 403 400 affata
413 338 544 413 lovena
552 341 620 419 Da,
629 351 707 419 nate,
721 344 841 422 petenti,

114 419 199 488 Quod
213 427 264 478 tua
277 439 343 478 cara
354 439 457 499 parens
471 421 581 480 domito
595 423 731 499 tepescit
745 422 880 501 Olympo,
915 476 916 479 ,
933 493 935 496 y

101 496 205 556 vPinea
214 498 291 556 ‘silva
303 499 386 574 milri,
400 500 507 558 multos
520 500 626 558 dilecta
638 519 692 577 per
704 519 806 577 annos,

112 576 210 635 Lucus
223 577 253 634 in
268 596 332 635 arce
345 576 401 635 suit
408 577 536 654 sumini,
550 575 608 655 qud
623 598 704 636 sacra
715 579 855 658 serebant,

112 654 143 712 N
144 655 247 730 igranti
260 655 346 731 picei
358 654 544 733 trabibusque
558 657 695 716 obscurus
709 659 839 735 acernis:

113 732 175 790 Has
190 752 244 810 ego
257 735 405 792 Dardanio
415 735 529 812 juveni,
544 755 634 812 quum
648 737 747 794 classis
762 745 869 818 egeret,

112 812 194 869 Laeta
206 813 290 885 dedi;
312 831 390 870 nunc
405 813 558 871 sollicitam
570 815 656 872 timor
669 815 771 873 anxius
786 824 876 892 urget.
944 851 978 896 ,κ

113 889 200 948 Solve
213 898 317 965 metus,
329 899 415 968 atque
428 890 485 948 hoc
495 890 629 966 precibus
643 889 706 950 sine'
719 912 806 970 posse
818 902 978 972 parentem,

110 968 141 1025 N
143 988 159 1025 e
173 987 259 1026 cursu
273 977 415 1046 quassatae
430 968 499 1044 ullo,
514 987 572 1025 neu
586 969 699 1040 turbine
712 972 801 1045 venti,

111 1047 274 1104 Vincuntur
285 1055 293 1103 ε’
313 1048 404 1123 prosit
417 1047 521 1104 nostris
535 1046 566 1104 in
580 1047 726 1106 montibus
741 1057 824 1107 ortas.

110 1124 203 1182 Filius
217 1124 285 1182 huic
300 1122 408 1200 contrd,
423 1131 537 1200 torquet
550 1125 600 1202 qui
613 1126 708 1183 sidera
721 1127 821 1185 mundi
832 1146 844 1195 ε,

110 1202 136 1260 O
151 1203 292 1278 genetrix,
307 1200 364 1279 qud
378 1203 435 1260 sata
447 1205 556 1261 vocas?
578 1211 628 1261 aut
641 1205 709 1280 quid
723 1206 798 1282 petis
811 1206 898 1265 istis?
1009 1220 1011 1224 ·

110 1280 266 1338 Mortaline
280 1281 465 1339 manufactae
478 1281 638 1339 immortale
653 1283 757 1340 carinae

109 1359 167 1416 Fas
181 1350 329 1417 habeant?
350 1367 503 1436 certusque
516 1359 626 1418 incerta
638 1361 768 1436 pericula
780 1361 883 1430 lustret
946 1390 948 1394 ·

109 1437 243 1495 AEneas?
264 1439 321 1496 Cui
335 1446 414 1497 tanta
427 1439 482 1496 deo
495 1439 635 1515 permissa
648 1447 775 1515 potestas
787 1442 806 1499 Ρ,
861 1464 863 1469 ·

110 1515 212 1593 Immo,
228 1517 278 1574 ubi
292 1517 434 1576 defuncte
448 1517 537 1574 finem
550 1525 705 1596 portusque
719 1518 859 1579 tenebunt
886 1587 891 1595 ⁴

109 1596 263 1671 Ausonios,
278 1596 347 1653 olim
362 1606 551 1674 quaecumque
566 1598 690 1659 evaserit
702 1600 804 1673 undas,

108 1674 344 1750 Dardaniumque
359 1675 464 1731 ducem
478 1675 634 1733 Laurentia
644 1677 845 1751 uexerit'arva‚

108 1752 263 1810 Mortalem
279 1753 398 1829 eripiam
412 1753 541 1826 formam,
556 1754 710 1828 magnique
721 1754 833 1832 jubebo

107 1831 244 1906 AEquoris
259 1850 323 1888 esse
339 1832 427 1888 deas:
450 1831 542 1907 qualis
555 1830 666 1888 Nereia
679 1833 757 1890 Doto

107 1909 148 1966 Et
162 1909 283 1968 Galatea
297 1917 396 1967 secant
409 1917 590 1987 spumantem
603 1918 722 1987 pectore
736 1919 866 1988 pontum.
925 1961 926 1964 ,

107 1988 245 2061 Dixerat;
268 1988 356 2068 idque
371 1995 462 2046 ratum
478 1987 571 2063 Stygii
583 2006 636 2065 per
648 1987 769 2047 flumina
781 1989 884 2066 fratris,

106 2067 164 2123 Per
176 2068 241 2143 pice
256 2075 395 2125 torrentes
410 2066 528 2144 atriaque
541 2066 677 2142 voragine
691 2068 776 2144 ripas,

106 2146 234 2220 Annuit3
256 2154 285 2204 et
298 2153 390 2204 totum
404 2153 475 2204 nutu
489 2145 650 2204 tremefecit
664 2147 833 2223 Olympum.

146 2225 225 2300 Ergo
240 2226 337 2283 aderat
347 2224 489 2301 promissa
502 2224 574 2298 dies,
590 2232 619 2282 et
632 2233 761 2302 tempora
774 2227 873 2283 Parcae

106 2302 215 2360 Debita
228 2301 415 2380 compldrant,
431 2322 520 2379 quum
536 2303 629 2360 Turni
642 2304 747 2382 injuria
761 2305 887 2362 Matrem

105 2380 269 2438 Admonuit
281 2380 388 2439 ratibus
398 2381 489 2448 ,sacris
503 2381 648 2456 depellere
662 2383 761 2439 taedas.

108 2456 166 2513 Hic
180 2456 305 2534 primdm
319 2477 396 2515 nova
407 2458 460 2515 lux
471 2458 564 2532 ¹oculis
579 2457 694 2534 effulsit,
710 2468 739 2518 et
752 2460 854 2534 ingens
951 2459 953 2464 ⁸

107 2533 196 2592 Vis-us
211 2534 246 2591 ab
261 2536 361 2592 aurori
374 2535 480 2592 coelum
494 2543 685 2593 transcurrere
700 2536 826 2611 nimbus,
877 2605 881 2614 ¹

109 2613 236 2690 ldaeique
250 2613 349 2685 chori3
361 2619 433 2669 tum
447 2631 506 2669 vox
519 2611 662 2670 horrenda
674 2615 726 2688 per
739 2633 821 2672 auras

107 2692 235 2767 Excidit,
252 2699 281 2749 et
294 2692 403 2748 Troum
417 2689 651 2766 Rutulorumque
666 2691 781 2765 agmina
794 2691 937 2769 complet:

35 2837 39 2844 ,
107 2772 155 2830 Ne
170 2771 309 2847 trepidate
324 2788 413 2844 meas,
429 2768 546 2844 Teucri,
561 2768 716 2826 defendere
730 2787 828 2843 naves,
965 2765 967 2770 ⁸

106 2850 136 2908 N
139 2870 193 2908 eve
208 2858 315 2907 armate
329 2867 449 2922 manus3
472 2847 563 2909 maria
576 2843 642 2905 ante
658 2865 779 2905 exurere
792 2847 894 2905 Turno

107 2921 205 3002 Quini
219 2932 312 2998 sacras
326 2927 441 2986 dabitur
453 2927 548 3005 pinus.
590 2926 663 3003 Vos,
677 2927 717 2984 ite
732 2925 843 3002 solutae,
888 2978 895 3002 ,

108 3008 163 3082 Ite,
179 3010 242 3066 deae
257 3007 371 3084 pelagi,
394 3005 526 3082 genetrix
536 3004 630 3083 jubet.
672 3006 713 3063 Et
727 3024 780 3063 sua
793 3023 914 3084 queque

107 3084 253 3146 Contiuud
267 3105 380 3164 puppes
393 3084 569 3162 abrumpunt
581 3084 700 3144 vincula
712 3085 791 3161 ripis,

107 3164 344 3243 Delphinirmque
358 3165 446 3222 modo
460 3163 599 3232 demersis
614 3181 730 3240 aequora
743 3163 839 3223 rostris

108 3243 173 3299 Ima
184 3242 297 3320 petunt
339 3243 419 3301 Hinc
432 3243 570 3319 uirginea
589 3240 734 3319 (mirabile
747 3240 947 3319 monstrum),

111 3320 208 3395 [Quot
220 3318 300 3397 prids
315 3329 409 3379 aeratae
421 3330 559 3380 steterant
573 3322 610 3379 ad
621 3322 718 3379 littora
730 3321 850 3399 prorae,]
927 3374 929 3377 .

107 3400 248 3458 Reddunt
262 3417 293 3457 se
306 3398 426 3457 totidem
440 3399 540 3475 facies,
553 3408 702 3477 pontoque
715 3400 853 3458 ferrmtur.

148 3475 335 3553 Obstupndre
349 3477 453 3534 animis
465 3478 589 3552 Rutuli;
614 3478 784 3537 conterritus
797 3478 861 3554 ipse
942 3481 945 3483 ’

106 3556 243 3615 Turbatis
258 3554 412 3632 Messapus
426 3556 528 3633 equis-⁰,
544 3552 697 3626 cunctatur
710 3564 740 3614 et
753 3556 846 3613 amnis

1058 462 1096 565 aa

1055 1291 1093 1386 ⁹?

105 3637 210 3694 Rauca
223 3653 337 3709 sonans,
352 3642 524 3709 revocatque
537 3637 644 3711 pedem
658 3634 813 3693 Tiberinus
827 3633 863 3692 ab
878 3632 944 3702 alto.
983 3614 985 3618 ¹
1035 3635 1091 3688 125

103 3718 147 3774 At
159 3734 218 3774 non
233 3713 335 3772 audaci
348 3713 435 3773 cessit
447 3712 555 3772 fiducia
568 3713 688 3787 Τιιηιος4
