2370 4176
501 150 684 251 mansur.

93 339 213 414 ,Desinit
226 349 294 400 ante
308 341 501 418 decem,.post
513 351 635 419 quatuor
646 344 758 420 incipit,
772 363 883 427 enpust

99 419 210 492 Cretera
223 438 280 478 nec
293 419 404 478 freturoe
418 420 533 495 habilis,
546 440 603 480 nec
616 421 695 480 sortis
709 423 816 481 aratris.
920 449 923 459 =

99 496 221 574 Interea,
235 506 355 574 superat
366 497 499 574 gregibus
512 499 582 556 dum
596 499 662 557 leta
670 501 816 578 juventas,

101 575 185 633 Solve
199 595 315 649 marcs3
334 576 416 635 mitte
429 578 464 633 in·
474 576 621 636 Venerem
636 579 770 655 pecuaria
782 578 901 656 primus,
937 576 940 585 ’

100 655 193 729 Atque
208 655 294 712 aliam
308 673 347 712 ex
357 654 421 712 alii
429 656 593 730 generando
607 656 707 714 suffice
718 657 841 734 prolem.

99 730 352 809 Optima‘quaeque
366 733 428 790 dies
442 733 553 792 miseris
566 735 733 793 mortalibus
748 736 804 794 evi

99 808 196 867 Prima
208 810 298 887 sugit:
320 810 446 869 subeunt
458 810 559 886 morbi,
573 813 718 888 tristisque
732 822 876 890 senectus,

100 888 140 946 Et
151 887 242 963 labor,
257 897 287 946 et
300 890 378 947 durae
393 890 466 966 rapit
478 890 664 948 inclementia
677 892 785 950 mortis.

101 966 222 1043 Semper
236 976 320 1025 erunt
333 987 453 1044 quarum
466 969 568 1028 mutati
581 988 701 1045 corpora
714 971 812 1044 malis,

101 1044 312 1122 Semperenim
326 1046 429 1103 refice:
452 1065 494 1121 aa,
508 1065 545 1103 ne
559 1044 625 1123 pdst
639 1047 743 1119 amissa
756 1050 893 1125 requiras,

99 1124 254 1198 Anteveni,
270 1132 299 1182 et
312 1124 441 1181 sobolem
453 1133 581 1183 armento
593 1126 693 1183 sortire
704 1128 866 1202 quotannis.

135 1202 275 1259 Necnon
290 1210 319 1260 et
331 1202 429 1279 pecori
443 1203 574 1260 estidem
587 1204 718 1261 delectus
732 1206 847 1281 equino.

99 1279 145 1336 Tu
159 1276 256 1355 modi),
272 1300 343 1356 quos
357 1280 387 1337 in
401 1298 483 1357 spem
498 1290 605 1340 statues
619 1282 787 1341 submittere
801 1284 904 1360 gentis,

98 1357 280 1434 Praecipuum
289 1361 351 1436 jam
365 1359 432 1416 inde
444 1378 461 1415 a
473 1360 579 1418 teneris
593 1360 729 1437 impende
742 1361 880 1421 laborem.

99 1435 245 1501 Continui>
259 1438 371 1513 pecoris
385 1439 517 1513 generosi
531 1438 627 1514 pullus
641 1440 672 1495 in
687 1439 761 1496 arvis

98 1512 193 1572 Altius
206 1516 373 1590 ingreditur,
388 1524 417 1572 et
431 1515 532 1579 mollia,
542 1536 624 1573 crura
638 1519 770 1594 reponit:

98 1592 211 1650 Piimus
225 1603 254 1651 et
267 1595 308 1650 ire
321 1594 397 1652 viam
412 1602 441 1652 et
453 1595 555 1652 fluvios
569 1603 680 1653 tentare
693 1597 821 1655 minaces

98 1672 204 1747 Audet,
219 1680 248 1729 et
257 1673 355 1746 ignoto
370 1691 434 1730 sese
448 1674 628 1732 committere
642 1675 744 1750 ponti:

98 1749 267 1808 Necvancs
279 1751 376 1808 horret
390 1752 533 1828 strepitus.
576 1752 623 1809 llli
638 1754 726 1810 ardua
739 1754 848 1828 cervix,

97 1830 295 1906 Argutumque
309 1837 405 1907 caput,
413 1829 514 1888 brevis
529 1830 619 1905 alvus,
635 1830 779 1906 obesaque
793 1839 891 1907 terga5

98 1907 292 1985 Luxuriatque
307 1909 374 1965 toris
388 1909 548 1965 animosum
562 1916 673 1985 pectus.
703 1909 828 1966 Honesti

100 1984 248 2062 Spadices,
263 1987 429 2063 glaucique3
452 1987 530 2055 color
545 1987 713 2045 deterrimus
728 1987 810 2063 albis,

98 2062 137 2122 Et
151 2064 237 2139 gilvo.
279 2065 365 2139 Tum,
380 2065 404 2121 si
419 2085 475 2140 qus
488 2085 590 2148 sopum
603 2064 703 2142 procui
718 2086 797 2123 arma
810 2064 927 2143 dedere,

99 2141 179 2200 Stare
193 2141 257 2200 loco
270 2143 371 2217 nescit,
386 2144 474 2202 micat
488 2144 614 2220 auribus,
629 2153 658 2213 et
671 2145 767 2203 tremit
781 2152 866 2220 artus,

98 2220 315 2296 Collectumque
329 2240 464 2296 premens
478 2223 570 2280 volvit
583 2224 636 2280 sub
650 2224 767 2281 naribus
781 2224 887 2298 iguem.

97 2299 198 2357 Densa
206 2300 287 2377 juba,
302 2308 331 2357 et
346 2301 446 2357 dextro
454 2304 561 2378 jactata
575 2302 716 2358 recumbit
728 2301 759 2372 in
774 2320 861 2358 armo.

98 2379 135 2434 At
149 2377 259 2454 duplex
273 2377 364 2451 agitur
376 2397 429 2453 per
442 2378 556 2435 lumbos
571 2379 672 2456 spina:
694 2387 833 2454 cavatque

98 2454 257 2531 Tellurem,
272 2465 302 2512 et
316 2456 407 2513 solido
423 2457 545 2530 graviter
555 2465 640 2515 sonat
650 2457 758 2531 ungula
771 2476 870 2514 cornu.

97 2532 176 2592 Talis
190 2534 333 2610 Amyclaei
345 2535 471 2592 domitus
485 2534 615 2592 Pollucis
629 2534 752 2592 habenis
823 2534 839 2567 ²

98 2611 238 2686 Cyllarus,
254 2622 292 2687 et,
308 2631 429 2688 quorum
445 2612 526 2668 Graii
539 2611 697 2670 meminere
711 2615 816 2688 pottae,
928 2654 931 2660 .
1037 2616 1076 2668 90

97 2690 199 2749 Martis
214 2691 282 2766 equi
295 2690 418 2768 bijuges,
434 2697 463 2747 et
477 2691 574 2764 magni
588 2690 827 2767 currus'Achilli:

97 2768 176 2826 Talis
191 2779 221 2827 et
234 2771 297 2845 ipse
303 2768 406 2846 jubam
421 2769 533 2826 cervice
547 2768 649 2825 effudit
662 2765 768 2841 equinis
880 2827 882 2830 Α

98 2847 237 2925 Conjugis
252 2849 376 2904 adventu
389 2847 493 2923 pernix
508 2848 655 2920 Saturnus,
671 2853 699 2902 et
713 2844 801 2902 altum
876 2874 879 2879 ·

97 2925 199 2984 Pelion
213 2927 328 2983 hinnitu
342 2926 456 3000 fugiens
470 2924 602 3000 implevit
615 2933 707 2981 acuto.
776 2979 780 2985 .

97 3003 184 3061 Hunc
196 3023 319 3080 quoque,
330 3004 379 3060 ubi
394 3012 442 3061 aut
453 3003 551 3060 morbo
562 3002 665 3077 gravis,
677 3009 726 3059 aut
734 3003 796 3079 jam
807 3000 921 3076 segnior
931 2998 1023 3074 annis,
1031 3003 1076 3062 ,95

97 3082 213 3157 Deficit,
229 3083 303 3140 abde
317 3083 421 3154 domo;
442 3101 497 3139 nec
511 3081 587 3156 turpi
601 3081 718 3154 ignosce
731 3088 864 3138 senectae.

97 3160 230 3236 Frigidus
244 3161 274 3217 in
289 3160 436 3218 Venerem
450 3160 554 3234 senior,
569 3159 726 3234 frustraque
740 3157 868 3216 laborem
941 3170 945 3174 ’

97 3237 243 3313 Ingratum
257 3239 359 3311 trahit3
381 3246 419 3313 et,
434 3238 458 3294 si
473 3238 585 3314 quando
601 3237 637 3294 ad
650 3236 751 3312 proelia
763 3245 883 3294 ventum
897 3242 949 3307 est,

97 3317 138 3376 Ut
149 3318 292 3393 quondam
306 3318 337 3374 in
351 3316 463 3392 stipulis
476 3335 597 3390 maguus
611 3315 673 3372 sine
687 3315 795 3372 viribus
808 3313 893 3388 ignis,

98 3395 247 3453 Incassum
261 3395 336 3452 furit.
379 3395 457 3469 Ergo
473 3394 583 3451 animos
598 3411 749 3469 aevumque
762 3391 875 3448 notabis
1021 3391 1076 3445 100

97 3471 264 3550 Praeoipue5
286 3472 355 3530 hinc
370 3473 438 3529 alias
452 3479 536 3547 ortes,
550 3471 718 3548 prolemque
731 3477 891 3545 parentum,

98 3551 138 3610 Et
151 3553 214 3627 quis
229 3552 333 3626 cuique
347 3550 427 3608 dolor
439 3550 526 3624 victo,
541 3568 605 3624 quae
620 3548 709 3623 gloria
720 3547 833 3622 palmae.

97 3630 205 3698 Nonne
219 3630 311 3702 vides,
326 3648 413 3703 quum
427 3628 567 3703 precipiti
581 3625 737 3684 certamine
751 3641 884 3698 campum
902 3629 908 3640 ’

97 3706 280 3786 Corripuere,
295 3714 437 3783 ruuntque
451 3704 536 3763 effusi
549 3721 662 3762 carcere
677 3718 792 3773 currus;
