2370 4176
92 187 146 244 rot
403 184 761 259 ·AENE1D08’

91 334 208 395 Primus
223 343 252 394 et
264 336 417 410 Ascanius,
431 353 533 396 eunus
545 344 578 397 ut
590 337 673 396 letus
687 344 839 415 equesm

92 414 238 490 Ducebat,
253 415 295 472 sic
308 432 374 475 scer
387 433 463 491 equo
476 414 589 475 turbet·
601 415 704 492 petivit

93 493 215 566 Castm
236 511 291 550 nec
305 493 454 551 exanimes
467 503 590 570 possunt
603 494 726 552 retinere
740 491 877 569 magistri.

93 570 170 644 Quis
184 572 261 629 furor
273 571 328 629 iste
341 574 457 629 novus?
479 570 537 649 qud
551 590 638 646 nunc,
653 569 711 650 qud
725 572 852 648 tenditis,
865 571 968 650 inquit,
1017 579 1076 635 6'10

93 648 182 709 Heu!
204 650 316 708 misere
331 650 433 708 cives?
453 670 512 709 non
526 650 649 725 hostem,
664 651 840 728 inimicaque
852 662 946 710 casn-a

92 728 244 805 Argivim,
258 730 447 805 vestirespea
461 729 553 788 uritis.
595 729 644 787 En
658 748 713 806 ego
726 737 822 805 vester

91 807 246 866 Ascanius.
289 807 410 865 Galeam
425 808 594 885 antepedes
608 809 731 900 projecit
743 808 872 885 inanem,
883 836 889 845 ·

93 885 161 957 Qut
175 885 243 943 ludo
256 886 375 944 indutus
388 886 457 943 belli
471 886 624 944 simulacra
636 887 740 945 ciebat.

91 964 245 1023 Accelerat
258 965 344 1022 simul
358 965 479 1044 AEness,
493 965 578 1023 simul
593 965 708 1041 agmina
721 966 878 1024 Teucnim.
1016 973 1078 1028 675
1131 961 1134 966 ’

92 1045 148 1102 Ast
161 1043 217 1101 illae
233 1043 347 1102 diversa
360 1052 440 1102 metu
453 1064 506 1121 per
519 1043 614 1102 littora
626 1044 734 1121 passim

93 1121 279 1198 Diffugiunt;
300 1123 453 1200 silvasque,
469 1132 498 1181 et
511 1122 604 1180 sicubi
617 1124 745 1181 concava¹
757 1123 854 1182 furtim

94 1201 181 1275 Saxa,
195 1210 316 1278 petunt:
337 1202 417 1278 piget
430 1202 548 1278 incepti,
563 1201 713 1279 lucisque3
735 1220 861 1279 suosque

93 1279 215 1338 Mutatae
231 1289 409 1355 agnoscunt3
430 1299 609 1357 excussaque
623 1289 739 1357 pectore
751 1281 829 1339 Juno
844 1290 896 1340 est
978 1331 982 1336 .

95 1359 154 1416 Sed
168 1378 225 1416 non
240 1359 346 1416 idcirco
360 1359 484 1417 flammae
499 1368 584 1436 atque
598 1359 733 1417 incendia
744 1359 822 1417 vires
927 1408 936 1423 .

95 1437 253 1496 Indomitos
267 1436 410 1514 posuere:
431 1438 489 1495 udo
503 1437 556 1496 sub
570 1437 671 1494 robore
684 1436 756 1494 vivit

95 1517 215 1592 Stuppa,
230 1535 351 1573 vomens
365 1518 477 1574 tardum
491 1516 620 1586 sumum;
643 1514 797 1590 lentusque
811 1515 923 1575 cannas

94 1594 150 1651 Est
163 1614 259 1670 vapor,
275 1603 304 1650 et
317 1602 376 1651 toto
391 1593 541 1651 descendit
554 1611 672 1669 corpore
686 1592 775 1669 pestis
787 1612 796 1665 ;
831 1655 836 1663 ,

93 1673 125 1731 N
127 1691 160 1729 ec
174 1673 249 1730 vires
263 1672 385 1729 heroum
400 1671 552 1748 infusaque
566 1671 687 1729 flumina
699 1680 830 1748 prosunt.

94 1751 172 1808 Tum
186 1752 250 1828 pius
264 1751 375 1808 AEneas
389 1750 516 1808 humeris
531 1750 698 1808 abscindere
711 1758 833 1827 vestem,
861 1804 875 1825 ,

94 1830 271 1906 Auxilioque
284 1849 387 1888 vocare
403 1831 482 1904 deos,
497 1839 526 1888 et
539 1830 658 1888 tendere
672 1829 802 1906 palmas:
846 1880 849 1886 .

93 1910 206 1987 Jupiter
220 1909 412 1986 omnipotens,
428 1909 452 1967 si
466 1910 595 1967 nondum
608 1927 716 1966 exosus
729 1909 765 1966 ad
779 1927 870 1967 unum

95 1988 246 2066 Trojanos,
262 1989 286 2045 si
300 1989 369 2065 quid
382 1990 474 2064 pietas
489 1988 604 2063 antiqua
618 1987 729 2045 labores

94 2067 227 2144 Respicit
241 2067 400 2139 humauos;
423 2068 460 2123 da
472 2066 617 2122 flammam
632 2066 754 2123 evadere
768 2065 853 2124 classi

94 2146 126 2204 N
127 2165 193 2220 unc,
207 2154 296 2221 pater,
312 2153 341 2202 et
354 2152 456 2203 tenues
470 2143 617 2199 Teucrirm
632 2161 677 2199 res
692 2144 770 2219 eripe
784 2143 862 2218 leto;

95 2224 152 2282 Vel
167 2233 208 2296 tu,
223 2223 299 2299 quod
313 2230 451 2297 superest,
466 2220 569 2278 infesto
583 2220 704 2278 fulmine
715 2222 809 2296 morti,

96 2303 128 2360 si
142 2320 262 2375 mereor,
277 2300 405 2373 demitte,
420 2300 526 2374 tuique
540 2298 589 2356 bic
603 2299 692 2357 obrue
706 2299 817 2357 derbi.

95 2380 156 2438 Vix
169 2380 234 2436 haec
249 2379 385 2452 ediderat,
400 2398 491 2454 quum
504 2377 604 2436 effusis
616 2378 757 2437 imbribus
772 2386 833 2437 atra

94 2459 269 2536 Tempestas
284 2458 346 2516 sine
360 2477 439 2514 more
453 2456 530 2532 furit,
544 2457 650 2516 tonitru
670 2476 707 2516 ue
721 2459 891 2516 tremiscunt

42 2583 45 2588 .
94 2539 195 2596 Ardua
208 2545 355 2613 terrarum,
371 2545 400 2594 et
413 2535 528 2613 campi3
549 2537 607 2594 ruit
620 2555 644 2594 ae
679 2556 727 2596 ere
740 2545 802 2598 toto

95 2616 243 2675 Turbidus
257 2615 350 2674 imber
364 2615 447 2693 aqui,
463 2615 617 2693 densisque
631 2617 803 2694 nigerrimus
816 2615 949 2690 Austris3
1018 2608 1024 2627 ⁸

96 2695 315 2774 Implenturque
329 2714 416 2772 super
429 2715 543 2772 puppes
555 2715 563 2769 ;
585 2697 724 2756 semiusta
736 2697 907 2754 madescunt

95 2776 232 2849 Robora,
254 2776 405 2834 restinctus
419 2775 513 2832 donec
524 2794 615 2850 vapor
627 2775 731 2849 omnis,
746 2783 776 2833 et
788 2792 899 2850 omnes,

96 2855 228 2927 Quatuor
241 2855 363 2928 amissis,
378 2861 497 2911 servatae
513 2872 530 2909 a
542 2860 624 2929 peste
638 2853 754 2910 camum.

56 2978 58 2982 Α
135 2937 175 2992 At
187 2942 270 3009 pater
282 2933 403 3005 AEneas,
418 2950 486 2988 casu
500 2946 658 2988 concussus
673 2929 786 3004 acerbo,

95 3012 127 3070 N
128 3030 185 3067 unc
199 3011 257 3067 huc
270 3010 401 3084 ingentes
416 3024 493 3065 nunc
507 3008 575 3066 illuc
589 3015 706 3085 pectore
720 3026 802 3065 curas

95 3087 238 3161 Mutabat,
253 3105 380 3159 versans,
396 3085 541 3143 Siculisne
555 3086 694 3144 resideret
706 3085 791 3160 arvis,
830 3150 841 3161 ,

96 3159 210 3226 Oblitus
224 3165 357 3237 fatorum,
373 3162 498 3221 Italasne
513 3171 677 3240 capesseret
690 3183 763 3223 oras.

95 3245 174 3304 Tum
189 3244 285 3304 senior
298 3243 420 3316 Nautes,
434 3261 527 3299 unum
541 3242 672 3300 Tritonia
685 3242 781 3302 Pallas

97 3325 194 3397 Quem
209 3323 316 3398 docuit,
331 3320 478 3396 multique
492 3321 636 3398 insignem
645 3321 775 3381 'reddidit
788 3328 867 3395 arte,

96 3404 158 3464 Hic
170 3421 307 3481 responsa
320 3401 414 3474 dabat,
428 3399 475 3457 vel
489 3419 554 3476 quae
569 3400 752 3477 portenderet
765 3402 807 3460 ira

96 3483 207 3559 Magna
221 3482 317 3557 deirm,
332 3481 379 3539 vel
394 3498 458 3557 quse
472 3477 594 3537 latorum
608 3489 743 3556 posceret
756 3480 844 3554 ordo;

97 3560 184 3638 Isque
198 3561 244 3619 his
257 3552 374 3619 AEnean
388 3559 495 3618 solatus
508 3559 630 3617 vocibus
643 3559 726 3619 infit:
1015 3623 1019 3630 ,

96 3637 175 3698 Nate
190 3639 254 3714 dei,
270 3636 327 3716 qud
342 3640 400 3698 fata
412 3638 528 3696 trabunt
541 3636 748 3718 retrahuntque
763 3654 937 3716 sequamur:

98 3716 248 3795 Quidquid
262 3717 326 3794 erit,
341 3718 502 3797 superanda
515 3717 609 3776 omnis
622 3717 736 3780 fortuna
748 3717 868 3779 serendo
882 3722 935 3777 est.
1023 3717 1087 3775 710
1104 3734 1106 3739 ·
