2400 4178
527 220 642 276 LIBER
659 220 695 276 Χ.
906 272 911 284 ,
1038 217 1104 284 '285

129 368 227 442 Quem
241 369 358 428 Turnus
372 388 458 448 super
472 371 625 430 assistens:
682 364 684 371 ’
1043 382 1103 436 490

127 450 264 525 ArcadeS,
280 450 353 525 haec,
367 449 470 526 inquit,
485 469 626 509 memores
640 469 704 509 mea
718 451 793 509 dicta
806 452 908 512 referte

83 554 86 559 ·
128 528 283 591 Evandro:
305 527 420 606 qualem
434 530 539 587 meruit
552 528 684 588 Pallanta
697 531 820 588 remitto.

110 600 115 611 '
129 603 267 683 Quisquis
280 607 372 665 honos
386 608 498 683 tumuli,
514 608 652 687 quidquid
667 609 795 667 solamen
809 609 948 670 humandr
961 618 1013 687 cst,

127 685 263 762 Largior:
285 686 363 744 haud
377 685 420 743 illi
428 687 548 745 'stabunt
560 687 669 746 AEne'r'a
680 707 768 766 parvo
1066 697 1067 700 ’
1150 742 1153 745 Α

128 764 269 842 Hospitio„
313 765 354 825 Et
364 765 437 823 laevo
450 767 554 842 pressit
567 767 650 843 pede,
666 767 733 824 talia
745 766 830 843 fatus,
1031 773 1105 829 ‹496

128 844 312 920 Exanimem,
327 844 439 921 rapiens
453 845 589 902 immania
602 847 730 921 pondera
742 845 839 922 baltei,

128 922 360 1000 Impressumque
374 923 472 981 nefas:
494 923 619 981 unasub
633 932 717 995 nocte
727 925 820 1002 jugali
898 990 903 1004 x

128 1002 213 1059 Caesa
225 1020 326 1060 manus
333 1003 476 1079 juvenum
490 998 576 1076 sada,
591 1001 768 1077 thalamique
783 1004 894 1062 cruenti
905 1024 913 1077 ;

128 1080 203 1151 Quae
219 1072 328 1138 Clonus
343 1080 498 1156 Eurytides
512 1080 602 1150 multo
617 1080 767 1140 caelaverat
781 1100 867 1139 auro:

96 1225 97 1228 Ἴ
129 1159 196 1230 Quo
211 1179 286 1216 nunc
300 1159 416 1216 'Pumus
431 1168 497 1217 ovat
509 1160 600 1237 spolio
614 1161 775 1295 gaudetque
787 1161 913 1238 potitus:
999 1184 1005 1197 ·

127 1237 236 1296 Nescia
250 1254 332 1313 mens
345 1236 496 1297 hominum
509 1238 559 1296 sati
573 1239 714 1316 sortisque
737 1248 839 1316 uturae,

128 1317 168 1375 Et
182 1335 293 1374 servare
307 1317 434 1396 modum,
448 1315 533 1375 rebus
547 1317 658 1376 sublata
671 1318 821 1376 secundis!
905 1311 909 1320 ’

128 1395 227 1454 Turno
240 1408 354 1473 tempus
368 1396 550 1473 erit,<magno
561 1416 649 1474 quum
665 1397 804 1474 optaverit
818 1405 947 1474 emptum

128 1471 271 1535 lutactum
286 1475 425 1551 Pallanta,
440 1484 469 1534 et
482 1490 570 1553 quum
584 1476 675 1555 spolia
687 1477 742 1535 ista
755 1476 888 1554 diemque

128 1553 236 1612 Oderit.
278 1556 318 1613 At
331 1556 401 1613 socii
415 1555 505 1613 multo
519 1557 626 1632 gemitu
640 1556 830 1635 lacrymisque

128 1632 298 1709 Impositum
312 1642 392 1692 scuto
406 1635 532 1693 referunt
545 1632 676 1695 Pallanta
689 1635 862 1712 frequentes.

128 1711 153 1769 0
170 1712 249 1768 dolor
262 1722 345 1789 atque
360 1715 449 1771 decus
464 1733 598 1789 magnum
613 1715 737 1772 rediture
751 1715 878 1791 parenti!
939 1735 941 1739 ¹
1052 1732 1055 1743 ·

128 1789 202 1848 Haec
216 1799 245 1848 te
258 1792 350 1867 prima
364 1792 425 1849 dies
439 1793 515 1850 bello
531 1793 618 1868 dedit,
633 1793 698 1851 haec
713 1793 815 1850 eadem
828 1792 927 1868 aufert,

129 1868 228 1939 Quum
242 1878 336 1927 tamen
351 1870 483 1946 ingentes
496 1872 670 1930 Rutulorum
684 1872 791 1947 linquis
805 1873 937 1948 acervo-s!

141 2010 144 2015 .
167 1948 230 2006 Nec
242 1951 302 2027 jam
316 1950 392 2007 fama
405 1950 473 2008 mali
487 1951 567 2026 tanti,
582 1950 633 2008 sed
647 1951 751 2008 certior
765 1958 862 2009 auctor

126 2027 251 2085 Advolat
265 2028 380 2105 AEneae,
396 2029 476 2087 tenui
489 2029 653 2088 discrimine
667 2029 718 2087 leti

127 2105 201 2164 Esse
216 2127 291 2182 suos,
306 2116 420 2184 tempus
433 2109 523 2165 versis
537 2122 704 2161 succurrere
718 2107 849 2160 Teucris.

127 2184 262 2242 Proxima
276 2204 396 2259 quaeque
410 2185 493 2238 metit
505 2182 610 2256 gladio,
624 2180 770 2256 latumque
781 2200 836 2261 per
849 2200 953 2258 agmen

49 2259 51 2273 '
126 2261 239 2318 Ardens
253 2262 375 2319 limitem
389 2260 447 2336 agit
460 2259 533 2318 ferro
545 2279 555 2332 32
574 2268 613 2335 te,
629 2259 737 2335 Turne,
753 2260 910 2338 superbum

128 2340 217 2396 Caede
231 2339 306 2396 nova
321 2349 460 2416 quaerens.
502 2338 608 2414 Pallas,
623 2339 769 2414 Evander,
783 2339 813 2397 in
827 2341 897 2416 ipsis

129 2417 233 2475 Omnia
247 2425 312 2475 sunt
326 2417 415 2475 oculis
427 2436 435 2490 3
457 2435 575 2491 mensae,
591 2427 660 2494 qu'as
676 2419 787 2476 advena
798 2419 905 2496 primas

128 2496 213 2552 Tunc
227 2496 305 2568 adiit,
321 2496 486 2570 dextraeque
502 2495 585 2552 datae.
629 2497 768 2554 Sulmone
782 2506 891 2555 creatos

130 2574 261 2643 Quatuor
274 2572 321 2630 hic
331 2575 465 2650 juvenes,
479 2573 609 2649 totidem,
623 2593 694 2650 quos
708 2575 813 2632 educat
826 2575 929 2652 Ufens,

129 2652 270 2708 Viventes
284 2652 366 2728 rapit,
379 2650 496 2708 inferias
510 2668 582 2725 quos
596 2652 727 2710 immolet
740 2653 858 2728 umbris,

130 2731 308 2808 Captivoque
321 2729 383 2806 rogi
395 2728 547 2806 perfundat
561 2732 699 2807 sanguine
712 2731 850 2804 flammas.

130 2811 202 2867 lnde
217 2810 305 2886 Mago
319 2808 420 2886 procul
433 2807 576 2867 infensam
591 2811 777 2869 contenderat
789 2809 919 2884 hastam;

130 2889 182 2946 llle
198 2897 259 2946 astu
273 2889 359 2964 subit,
374 2907 407 2945 ac
421 2887 609 2946 tremebunda
622 2889 785 2968 supervolat
797 2889 897 2949 hasta:

129 2969 169 3026 Et
183 2988 276 3045 genua
290 2968 466 3045 amplectens
481 2966 583 3025 effatur
596 2967 663 3026 talia
677 2968 818 3047 supplex:

129 3048 186 3106 Per
198 3048 303 3126 patrios
317 3065 426 3123 manes,
439 3065 491 3140 per
505 3065 570 3124 spes
582 3049 725 3125 'surgentis
740 3044 806 3125 lali,
848 3046 850 3054 ⁴

129 3127 173 3184 Te
188 3147 296 3204 precor,
311 3126 386 3185 hanc
400 3144 524 3184 ammam
538 3145 635 3184 serves
648 3135 773 3206 natoque
786 3126 926 3206 patrique.

130 3206 185 3263 Est
199 3207 299 3264 domus
311 3205 385 3263 alta:
403 3207 503 3284 jacent
515 3203 630 3283 penitas
644 3206 757 3269 defossa
769 3207 877 3266 talenta

131 3284 234 3341 Caelati
247 3284 372 3360 argenti:
394 3293 461 3343 sunt
474 3285 534 3342 auri
547 3286 676 3363 pondera
688 3285 756 3346 lacti

132 3362 291 3438 Infectique
304 3362 393 3418 mihi:
414 3382 473 3420 non
486 3362 535 3421 hic
544 3364 668 3423 ,victoria
680 3364 828 3424 Teucriam

131 3441 267 3517 Vertitur,
283 3447 331 3497 aut
344 3439 438 3498 anima
451 3461 510 3499 una
524 3443 602 3501 dabit
615 3443 780 3502 discrimina
792 3450 877 3502 tanta.

131 3520 260 3578 Dixerat
302 3518 412 3576 AEneas
426 3517 527 3577 contra
540 3521 588 3579 cui
600 3522 668 3580 talia
681 3522 793 3581 reddit:

130 3598 252 3674 Argenti
266 3604 349 3674 atque
364 3616 380 3654 a
401 3597 424 3653 ri
438 3614 578 3657 memoras
592 3620 657 3678 quae
671 3599 887 3676 malacorona,

132 3677 234 3736 Gnatis
246 3694 331 3754 parce
345 3616 420 3767 tuil:
441 3675 511 3755 belli
524 3679 696 3737 commercia
708 3677 826 3751 Turnus

133 3756 253 3819 Sustulit
266 3755 320 3815 ista
332 3754 416 3835 prior,
427 3757 489 3836 jam
502 3763 564 3817 tum
576 3757 710 3820 Pallante·
719 3762 880 3839 perempto.
