2400 4178
106 209 160 264 lto
511 205 694 262 AENEIDOS

105 355 173 415 Hoe
184 355 278 415 solum
293 374 399 414 nomen
413 355 548 432 quoniam
563 355 599 413 de
613 358 736 433 conjuge
749 364 844 416 restat

104 435 186 507 Quid
200 437 315 493 moror?
336 453 373 492 an
388 453 453 491 mea
466 434 638 510 Pygmalion
652 436 720 492 dum
736 437 844 493 moenia
856 435 942 495 frater
1030 442 1091 497 825

102 514 249 588 Destruet,
265 522 314 571 aut
326 521 438 590 captam
453 512 540 571 ducat
554 513 686 570 Gaemlus
698 513 818 572 Iarbas?

105 592 215 650 Saltem
229 593 253 649 si
267 612 324 668 qua
336 592 409 649 mihi
423 591 459 648 de
473 600 501 650 te
517 600 649 667 suscepta
662 590 763 649 luisset

103 672 181 729 Ante
195 669 292 746 lugam
306 670 440 743 soboles3
462 671 486 728 si
501 670 565 747 quis
579 670 651 726 milri
664 671 800 747 parvulus
814 672 879 730 auid

102 749 231 807 Luderet
244 750 366 822 AEneas,
381 748 431 824 qui
444 756 473 806 te
488 758 583 806 tamen
598 767 647 805 ore
661 748 796 824 reserret3

101 827 171 886 Nou
187 828 322 903 equidem
336 828 455 885 omnino
469 836 553 904 capta
567 846 599 884 ae
614 828 726 884 deserta
738 828 860 887 viderer.
1029 835 1089 888 続30

142 907 272 964 Dixerat.
317 906 370 963 llle
383 905 464 962 Jovis
478 906 595 963 monitis
609 906 729 963 immota
741 908 859 966 tenebat

102 984 237 1059 Lumina,
253 994 282 1044 et
296 984 420 1042 obnixus
434 1003 531 1042 curam
546 983 600 1042 sub
614 985 700 1041 eorde
713 985 870 1062 premebat.

102 1063 235 1121 Tandem
250 1082 344 1140 pauea
357 1063 459 1121 refert:
482 1064 548 1140 Ego
562 1071 600 1136 te,
616 1081 680 1138 quae
694 1063 818 1140 plurima
830 1065 917 1124 lando

102 1141 283 1201 Enumerare
296 1143 387 1217 vales,
402 1161 559 1218 nunquam,
574 1142 682 1216 regina,
698 1141 809 1218 negabo

102 1219 309 1295 Promeritam3
331 1240 385 1281 nec
400 1240 446 1278 me
461 1220 628 1278 meminisse
641 1220 752 1295 pigebit
765 1221 881 1298 Elissae,
1029 1227 1088 1281 335

100 1299 181 1356 Dum
195 1318 306 1357 memor
319 1300 382 1376 ipse
397 1300 464 1375 mei,
480 1299 548 1356 dum
563 1298 678 1376 spiritus
692 1300 745 1356 hos
759 1301 833 1375 regit
846 1308 932 1359 artus.

101 1376 159 1435 Pro
170 1397 203 1450 re
216 1398 310 1469 pauca
324 1378 431 1457 loquar.
474 1378 579 1453 Neque
594 1397 648 1452 ego
662 1378 737 1433 hane
751 1377 927 1438 abscondere
940 1379 1016 1439 furto

102 1456 233 1532 Speravi,
248 1476 286 1514 ne
301 1457 388 1531 finge,
402 1456 516 1529 fugam余
539 1474 593 1511 nee
607 1455 737 1531 conjugis
750 1475 877 1532 unquam

101 1534 248 1592 Praetendi
263 1535 361 1608 taedas,
377 1542 426 1591 aut
439 1534 502 1590 haec
517 1534 546 1589 in
561 1532 668 1589 loedera
680 1532 757 1590 veni.

100 1612 154 1670 Me
168 1613 192 1669 si
207 1613 265 1670 sata
279 1613 351 1669 meis
364 1621 531 1690 paterentur
545 1612 649 1668 ducere
663 1612 752 1670 sitam
1028 1620 1089 1674 340

100 1690 256 1769 Auspiciis,
272 1700 301 1749 et
314 1699 415 1767 sponte
431 1691 496 1748 meis
510 1710 573 1748 eom
596 1710 683 1748 onere
698 1711 798 1765 euras余

100 1770 212 1830 Urbem
226 1770 383 1848 Trojanam
397 1767 523 1848 primirm
539 1711 695 1847 dulcesque
710 1790 841 1828 meorum

99 1849 252 1927 Reliquias
266 1849 391 1908 colerem
403 1870 411 1923 3
433 1849 541 1907 Priami
555 1858 632 1908 tecta
645 1850 702 1909 alta
714 1859 880 1924 manereut3

100 1928 142 1986 Et
156 1929 282 1986 recidiva
296 1949 383 1987 manu
396 1931 558 2006 posuissem
574 1929 716 2005 Pergama
729 1929 821 1987 victis.

102 2007 161 2065 Sed
174 2028 252 2066 nunc
268 2009 380 2067 Italiam
395 2028 529 2084 magnam
545 2009 678 2084 Gryneus
692 2008 808 2085 Apollo,

101 2085 214 2144 Italiam
230 2088 327 2162 Lyciae
339 2085 451 2165 jussere
467 2105 616 2162 capessere
630 2096 738 2144 sortes:

100 2164 159 2223 Hic
174 2184 262 2239 amor,
277 2165 341 2223 haee
354 2165 446 2241 patria
460 2172 512 2221 est.
556 2163 587 2221 Si
601 2171 629 2222 te
644 2164 827 2240 Carthaginis
841 2184 922 2224 arces

100 2243 292 2317 Phoenissam,
306 2242 482 2319 Libycaeque
497 2243 649 2318 adspectus
664 2244 774 2302 detinet
785 2243 880 2318 urbis3

102 2321 176 2394 Quae
192 2322 307 2379 tandem
322 2322 452 2379 Ausonii
467 2320 595 2379 Teucros
609 2322 759 2379 considere
773 2322 847 2380 terrei

101 2400 216 2459 Invidia
230 2403 295 2458 est?
337 2401 379 2459 Et
392 2421 444 2458 nos
458 2399 500 2458 fas
515 2410 614 2459 extera
628 2420 755 2477 quaerere
769 2421 866 2478 regua

100 2480 154 2538 Me
168 2480 256 2557 patris
271 2480 419 2556 Anchisae,
435 2480 547 2556 quoties
561 2480 748 2539 humentibus
761 2480 870 2539 umbris

100 2559 171 2618 Nox
185 2560 276 2636 operit
290 2567 388 2637 terras,
403 2560 514 2636 quoties
529 2568 603 2618 astra
616 2560 701 2636 ignea
714 2569 844 2637 surgunt,

100 2639 248 2696 Admonet
260 2638 291 2696 in
305 2640 424 2716 somnis,
440 2648 469 2698 et
483 2638 595 2698 turbida
608 2648 695 2698 terret
707 2640 822 2717 imago:

100 2717 154 2775 Me
167 2737 240 2795 puer
253 2719 406 2795 Ascanius,
422 2719 580 2795 capitisque
594 2718 698 2796 injuria
711 2720 780 2793 eari,

102 2797 200 2869 Quem
215 2817 303 2874 reguo
318 2798 470 2875 Hesperiae
485 2798 583 2856 fraudo
598 2806 627 2855 et
639 2797 772 2855 fatalibus
787 2798 869 2855 arvis.

100 2876 132 2935 N
133 2896 190 2934 une
204 2877 291 2933 etiam
306 2877 446 2953 interpres
461 2875 569 2947 divum,
583 2875 656 2932 Jove
671 2875 776 2933 missus
790 2875 826 2933 ab
840 2876 912 2952 ipso,

105 2952 225 3031 (Testor
238 2963 392 3030 utrumque
407 2955 505 3031 eaput)
524 2954 633 3011 celeres
647 2954 782 3012 mandata
794 2973 848 3029 per
861 2972 943 3011 auras

102 3032 233 3091 Detulit:
254 3032 317 3108 ipse
332 3032 419 3089 deum
434 3033 584 3090 manifesto
599 3032 629 3088 in
643 3031 754 3088 lumine
767 3031 828 3088 vidi

102 3111 262 3170 latrantem
275 3130 381 3185 maroe,
396 3129 555 3186 vocemque
570 3111 615 3166 his
630 3109 744 3167 auribus
756 3110 849 3167 hausi.

102 3190 213 3248 Desine
227 3207 332 3265 meque
346 3189 402 3246 tuis
416 3188 573 3246 incendere
587 3196 673 3263 teque
688 3187 830 3266 querelis:

101 3269 215 3327 ltaliam
229 3289 287 3339 uon
302 3275 404 3345 sponte
419 3287 531 3343 sequor.

142 3348 226 3406 Talia
239 3348 384 3407 dicentem
393 3346 565 3425 jamdudum
581 3364 680 3404 aversa
694 3354 797 3422 tuetur,

103 3428 171 3486 Huc
185 3428 254 3485 illue
267 3427 387 3503 volvens
400 3424 510 3501 oculos,
525 3433 673 3501 totumque
686 3436 813 3503 pererrat

103 3506 276 3565 Luminibus
291 3505 393 3582 tacitis,
408 3505 491 3564 etsie
507 3523 628 3562 aceensa
641 3506 784 3582 profatur:

103 3586 170 3644 Nee
184 3586 236 3644 tibi
251 3586 318 3644 diva
329 3605 443 3663 parens,
457 3584 570 3660 generis
584 3603 639 3640 nee
653 3586 806 3643 Dardanus
821 3591 927 3659 auctor,
1029 3584 1092 3643 885

103 3665 237 3736 Perfide余
260 3665 311 3722 sed
325 3665 403 3722 duris
417 3664 516 3740 genuit
529 3672 557 3721 te
571 3664 702 3722 cautibus
716 3665 835 3723 horrens

104 3744 262 3817 Caucasus,
277 3743 479 3820 Hyrcanaeque
495 3741 646 3802 admbrunt
658 3744 748 3802 ubera
761 3745 856 3818 tigres.

105 3822 184 3882 Nam
197 3821 266 3901 qnid
281 3821 453 3881 dissimulo?
475 3829 523 3880 aut
537 3839 601 3898 quae
616 3841 664 3880 me
678 3822 714 3881 ad
728 3823 837 3900 majora
848 3821 985 3880 reservo?
