2400 4178
377 195 380 201 ¹
487 205 601 262 nlnnn
620 206 697 263 Vlll.
1029 209 1083 266 215

107 352 181 410 Ossa
193 371 280 430 super
292 352 432 412 recubans
443 361 522 412 antro
537 372 649 412 semesa
662 361 788 414 cruento.
895 422 896 425 Ἴ

106 431 137 488 N
139 449 173 487 ec
186 437 215 488 te
228 431 294 490 ullae
308 431 405 506 facies,
419 450 478 489 non
492 431 593 489 terruit
605 431 667 509 ipse
681 431 840 510 Typhoeus

106 509 232 585 Arduus,
248 528 326 566 arma
338 519 460 584 tenens5
481 528 540 567 non
555 518 583 566 te
597 510 714 568 rationis
727 519 861 585 egentem

106 587 243 645 Lemreus
257 587 340 645 turba
354 589 480 665 capitum
490 588 683 647 circumstetit
691 588 805 663 anguis.
868 652 872 657 ,
1025 595 1083 649 300

108 664 203 738 Salve,
218 683 286 722 vera
297 664 315 722 J
316 665 378 723 ovis
390 665 495 742 proles,
510 666 599 724 decus
613 666 709 740 addite
722 665 815 725 divis:

108 742 149 801 Et
161 760 214 799 nos
228 752 258 802 et
270 750 319 801 tua
332 743 433 801 dexter
446 744 494 801 adi
506 745 581 820 pede
595 750 675 803 sacra
688 745 823 803 secundo.

107 820 190 877 Talia
203 820 376 879 carminibus
390 820 553 880 celebrant:
575 824 771 899 superomnia
784 823 856 882 Caci

107 898 281 975 Speluncam
296 900 443 978 adjiciunt,
458 900 671 976 spirantemque
684 900 799 975 ignibus
813 901 916 978 ipsum.
1117 956 1123 968 ,

107 977 255 1034 Consonat
268 996 354 1035 omne
368 994 471 1035 nemus
485 976 616 1053 strepitu,
631 976 776 1053 collesque
790 980 936 1039 resultant.
1025 981 1083 1037 305
1131 992 1135 999 “

146 1055 226 1111 Exin
240 1073 272 1112 se
286 1055 383 1112 cuncti
396 1055 501 1112 divinis
515 1054 599 1112 rebus
613 1055 649 1111 ad
662 1054 762 1113 urbem

107 1132 245 1189 Perfectis
258 1131 393 1189 referunt
436 1132 500 1190 Ibat
512 1151 563 1190 rex
577 1131 687 1190 obsitus
701 1151 773 1209 aevo,

108 1211 148 1267 Et
157 1210 296 1278 comitem
310 1209 426 1267 AEnean
436 1207 522 1288 juxti
535 1218 691 1286 natumque
704 1211 821 1270 tenebat

109 1288 287 1362 ingrediens,
300 1287 436 1363 varioque
449 1288 526 1344 riam
540 1285 672 1349 sermone
685 1287 808 1348 levabat.

107 1366 239 1440 Miratur,
255 1366 410 1443 facilesque
424 1367 522 1423 oeulos
535 1367 590 1424 fert
602 1365 699 1423 omnia
711 1367 839 1443 circum,¹
1008 1387 1012 1394 ·
1025 1369 1083 1422 310

106 1445 227 1518 AEneas,
241 1444 407 1520 capiturque
421 1444 508 1516 loeis3
531 1451 560 1502 et
573 1443 686 1520 singula
698 1444 781 1503 laetus

43 1586 45 1591 y
107 1523 299 1598 Exquiritque
314 1523 449 1599 auditque
462 1521 556 1581 virrim
571 1522 758 1582 monumenta
769 1522 904 1600 priorum.

73 1670 77 1677 ,
107 1601 185 1656 Tum
198 1619 250 1657 rex
264 1601 426 1676 Evandrus,
440 1601 581 1658 Romanae
595 1601 725 1659 eonditor
738 1603 828 1660 arcis:

107 1678 180 1734 Haec
195 1696 313 1735 nemora
325 1679 469 1754 indigenae
483 1679 578 1735 Fauni
592 1678 798 1756 Nymphaeque
812 1677 958 1753 tenebant,
1039 1751 1041 1754 Α

108 1756 245 1832 Gensque
258 1755 351 1812 ririrm
365 1756 474 1813 truncis
488 1762 517 1813 et
530 1755 601 1812 duro
616 1755 717 1813 robore
731 1758 815 1830 nata5
1026 1759 1083 1812 315

109 1834 200 1904 Queis
214 1851 308 1908 neque
322 1853 395 1908 mos,
409 1851 504 1908 neque
518 1832 612 1890 cultus
626 1841 704 1905 erat;
726 1853 780 1891 nec
790 1837 913 1911 jungere
926 1841 1031 1909 tauros,

106 1914 166 1969 Ant
179 1930 351 1988 componere
366 1930 437 1988 opes
450 1909 561 1985 norant,
577 1919 626 1968 aut
638 1930 754 1988 parcere
768 1921 868 1989 parto;

108 1991 165 2047 Sed
180 1991 261 2064 rami,
276 1998 361 2066 atque
376 2008 459 2066 asper
473 1988 550 2046 victu
563 1997 684 2047 venatus
699 1989 800 2048 alebat

106 2069 220 2126 Primus
235 2068 269 2126 ab
285 2068 402 2127 aetherio
417 2067 496 2126 venit
510 2068 647 2125 Saturnus
662 2068 796 2145 Olympo,

106 2149 195 2204 Arma
207 2147 287 2205 Jovis
301 2147 423 2222 fugiens,
438 2147 574 2222 et‘regnis
588 2147 670 2203 exsul
685 2146 835 2223 ademptis.
1026 2150 1083 2204 320

107 2225 136 2282 Is
150 2244 240 2300 genus
252 2227 379 2295 indocile
394 2244 427 2283 ac
441 2226 600 2302 dispersum
616 2225 761 2282 montibus
775 2225 840 2283 altis

107 2304 286 2379 Composuit,
300 2304 437 2381 legesque
451 2304 539 2377 dedit,
554 2303 727 2379 Latiumque
740 2305 838 2363 vocari
944 2310 948 2315 ⁴

107 2380 222 2455 Maluit,
237 2382 283 2438 his
297 2374 432 2458 qnoniam
446 2381 576 2439 latuisset
589 2388 666 2439 tutus
679 2383 708 2438 in
724 2382 790 2440 oris.

107 2461 205 2515 Aurea
218 2477 281 2533 quae
295 2458 458 2535 perhibent,
472 2459 522 2515 illo
536 2457 588 2515 snb
602 2477 670 2535 rege
683 2457 799 2518 luerunt
893 2524 895 2528 ,

86 2608 88 2613 Ι
109 2535 240 2607 Saecula3
262 2535 304 2592 sie
317 2535 430 2611 placidi
443 2535 565 2611 populos
578 2534 609 2591 in
622 2555 694 2610 pace
709 2536 842 2610 regebat:
931 2596 933 2599 ,
1027 2539 1085 2592 325

108 2613 240 2670 Deterior
253 2613 345 2670 donec
358 2612 496 2689 paulatim
510 2631 543 2669 ac
557 2613 672 2669 decolor
686 2621 764 2687 aetas,
905 2617 909 2624 ’

108 2693 148 2748 Et
161 2690 230 2748 belli
244 2689 347 2765 rabies,
362 2698 391 2748 et
403 2707 484 2748 amor
497 2689 637 2747 successit
649 2688 785 2747 habendi.

108 2770 184 2827 Tum
199 2788 301 2827 manus
314 2767 445 2826 Ausonia
458 2775 488 2825 et
500 2773 601 2843 gentes
614 2764 722 2825 venere
737 2767 869 2840 Sicanor3

109 2845 221 2925 Saepiirs
235 2855 265 2907 et
277 2865 383 2905 nomen
397 2845 495 2923 posuit
509 2845 640 2904 Saturnia
653 2845 757 2903 tellus:
876 2896 883 2908 ‚

107 2927 185 2983 Tum
199 2944 293 3021 reges,
308 2942 447 3003 asperque
460 2924 581 2982 immani
594 2941 711 3000 corpore
725 2922 842 3000 Tybris,
1029 2925 1087 3005 330

101 3008 134 3074 ΙΑ
148 3025 205 3082 quo
219 3012 286 3082 post
299 3003 498 3063 Itali-flurium
512 3002 685 3078 cognomine
699 3000 820 3079 Tybrim

107 3084 245 3142 Diximus
256 3104 264 3160 3
286 3082 381 3141 amisit
393 3100 494 3140 verum
507 3088 590 3139 vetus
604 3080 712 3147 Albula
724 3095 841 3138 nomen.

108 3163 160 3219 Me
173 3162 290 3238 pulsnm
303 3161 404 3238 patrib,
417 3160 569 3238 pelagique
583 3168 714 3218 extrema
726 3166 907 3236 sequentem,

108 3239 238 3296 Fortuna
250 3240 432 3317 omnipotens
445 3246 475 3297 et
486 3237 672 3296 ineluctabile
682 3236 773 3295 saturn

109 3317 165 3374 His
177 3314 302 3392 posuere
314 3316 396 3392 locis,
410 3316 565 3408 matrisque
579 3314 665 3392 egere
678 3315 829 3374 tremenda
966 3352 968 3355 -
1030 3313 1088 3368 336
1136 3346 1141 3357 =

109 3394 273 3452 Carmentis
286 3393 432 3470 Nympha
444 3405 563 3469 monita,
574 3402 607 3460 ,et
620 3394 692 3452 deus
706 3402 803 3452 auctor
816 3383 931 3466 Apollb.

149 3472 210 3529 Vix
224 3488 260 3529 ea
272 3471 366 3545 dicta;
388 3471 493 3529 dehine
506 3491 673 3549 progressus
688 3477 828 3529 monstrat
841 3475 871 3527 et
883 3480 971 3543 aram,

109 3551 150 3609 Et
163 3548 376 3608 Carmentalem
388 3549 523 3608 Romano
536 3551 653 3608 nomine
665 3557 775 3627 portam
983 3550 986 3555 ’

110 3629 207 3699 Quam
220 3635 388 3703 memorant,
402 3626 548 3703 Nymphae
561 3628 689 3704 priscum
704 3623 866 3685 Carmentis
880 3622 1029 3698 honorem,

109 3707 193 3766 Vatis
206 3705 339 3781 fatidica,
354 3705 460 3765 cecinit
472 3723 536 3781 qne
550 3707 643 3782 prima
655 3704 764 3766 futuros
927 3753 930 3758 ,
1031 3705 1089 3760 340
1125 3707 1128 3714 ’
