2400 4178
490 198 605 268 LIBER
624 198 698 260 ΧΗ..

108 347 152 408 Ut
184 343 287 406 rimirm
302 346 439 406 discussae
453 346 562 405 umbrae
577 357 606 406 et
619 347 670 407 lux
683 349 793 409 reddita
807 350 905 428 menti,
925 379 928 384 ’

94 456 97 462 ·
109 430 152 485 Ar
172 436 252 490 entes
266 425 416 492 oculorum
427 425 509 484 orbes
524 427 560 503 ad
573 430 679 487 moenia
691 429 772 487 torsit
870 470 872 477 a

110 505 264 580 Turbidus,
281 524 354 582 equa
368 505 435 563 rotis
448 524 580 580 magnam
594 509 720 583 respexit
733 508 767 566 ad
781 507 891 567 urbem.

150 585 231 641 Ecce
245 591 340 642 autem
354 583 476 640 flammis
488 584 563 647 inter
575 585 700 644 tabulata
712 586 827 644 volutus

110 662 157 722 Ad
170 663 274 723 coelum
288 662 413 721 undabat
425 673 535 738 vortex,
550 664 705 742 turrimque
723 664 847 741 tenebat,

111 741 224 800 Turrim
238 741 393 819 compactis
407 739 532 800 trabibus
546 761 632 818 quam
646 745 867 820 eduxeratipse,

111 821 338 896 Subdideratque
351 828 435 895 rotas,
449 829 607 897 pontesque
622 823 788 881 instraverat
802 822 882 881 altos.
916 888 923 897 ι

105 900 126 957 J
128 919 173 957 am
184 901 244 978 jam
258 899 323 976 sata,
338 919 424 973 soror,
439 911 588 975 superant;
610 901 714 959 absiste
727 901 846 959 morari:

111 976 177 1050 Qud
192 979 272 1053 deus,
287 986 316 1035 et
329 975 385 1053 qud
400 979 470 1036 dura
481 987 564 1036 vocat
576 978 702 1054 fortuna,
712 998 871 1071 sequamur.

111 1058 172 1116 Stat
185 1057 312 1114 conferre
326 1056 441 1114 manum
455 1057 568 1133 AEneae,
584 1061 639 1115 stat
652 1059 790 1135 quidquid
804 1058 898 1117 acerbi
912 1066 956 1119 est

109 1137 204 1194 Morte
218 1137 294 1212 pati,
316 1154 370 1199 nec
385 1153 431 1192 me
445 1135 619 1211 indecorem,
633 1157 776 1213 germana,
790 1136 902 1197 videbis

108 1211 259 1291 Amplius:
280 1213 369 1288 hunc,
384 1233 442 1288 oro,
457 1214 518 1272 sine
533 1233 579 1272 mc
590 1215 684 1291 furere
699 1214 763 1274 ante
776 1216 910 1275 furorem.'

106 1294 201 1369 Dixit,
216 1302 244 1352 et
258 1310 274 1350 e
288 1311 372 1350 curru
385 1292 488 1349 saltum
503 1293 582 1351 dedit
595 1291 675 1352 ociirs
688 1295 780 1353 arvis:
822 1358 828 1372 ⁸

108 1372 221 1448 Perque
234 1371 339 1446 hosteS,
354 1389 405 1448 pcr
418 1371 475 1428 tela
487 1371 552 1446 ruit,
567 1380 754 1450 moestamque
768 1392 892 1432 sororem

109 1452 233 1527 Deserit,
248 1470 281 1508 ac
295 1451 393 1527 rapido
406 1469 491 1508 cursu
504 1451 600 1509 media
613 1453 725 1528 agmina
738 1453 851 1530 rumpit.
960 1495 963 1503 .

108 1533 153 1587 Ac
166 1530 256 1588 veluti
269 1530 373 1587 montis
387 1548 488 1586 saxum
503 1529 538 1586 de
552 1531 658 1589 vertice
671 1549 799 1609 praceps
836 1565 841 1599 ,-

110 1609 208 1679 Quum
222 1609 278 1666 ruit
291 1606 421 1672 avulsum
434 1615 529 1682 vento,
544 1627 596 1666 seu
609 1609 739 1668 turbidus
752 1609 844 1670 imber

110 1687 228 1763 Proluit,
244 1695 292 1744 aut
305 1687 386 1743 annis
400 1685 630 1764 solvifisublapsa
642 1697 785 1762 vetustas,

108 1766 212 1823 Fertur
224 1766 254 1822 in
268 1765 417 1841 abruptum
432 1784 534 1840 magno
548 1785 631 1823 mons
644 1767 791 1843 improbus
805 1775 879 1842 actu,
981 1807 983 1816 ι

108 1844 299 1920 Exsultatque
314 1843 384 1920 solo,
398 1843 493 1919 silvas,
507 1853 643 1920 armenta,
657 1846 798 1923 virosque,

109 1924 264 1981 Involvens
278 1941 394 1980 secum:
417 1922 535 2001 disjecta
547 1942 599 2000 per
612 1923 724 1999 agmina
737 1923 853 1987 Turnus

110 2002 159 2060 Sic
170 2002 247 2061 urbis
261 2001 318 2059 ruit
331 2002 367 2059 ad
380 2020 485 2077 muros,
500 2001 551 2059 ubi
561 2000 686 2079 plurima
696 2002 761 2061 fuso
934 2063 935 2066 ,
950 2068 954 2084 ι

106 2081 254 2158 Sanguine
269 2088 342 2139 terra
354 2079 459 2154 madet,
474 2080 652 2158 striduntque
667 2081 816 2142 hastilibus
830 2099 922 2156 aurae3

109 2160 313 2236 significatque
328 2178 422 2234 manu,
437 2167 466 2230 et
479 2179 582 2235 magno
596 2159 681 2218 simul
693 2161 796 2238 incipit
808 2180 876 2220 ore:

68 2241 70 2245 ’
108 2239 220 2298 Parcite
229 2243 300 2318 jam,
314 2238 434 2316 Rutuli;
456 2246 485 2296 et
497 2258 558 2313 vos,
573 2238 631 2297 tela
641 2239 780 2316 inhibete,
795 2239 910 2300 Latini:
1014 2251 1017 2258 ·

110 2317 309 2394 Quacumque
324 2325 367 2377 est
380 2317 500 2392 fortuna,
514 2336 579 2376 mea
591 2325 652 2392 est;
675 2337 723 2389 me
736 2319 831 2378 verius
845 2337 936 2378 unum

108 2396 164 2454 Pro
178 2397 258 2455 vobis
271 2397 365 2454 soedus
378 2394 466 2470 luere,
482 2404 510 2453 et
524 2397 677 2455 decernere
691 2397 773 2456 ferro.

107 2473 274 2534 Discessbre
288 2493 388 2532 omnes
399 2474 498 2548 medii,
512 2474 693 2552 spatiumque
707 2473 821 2536 deddre.

100 2584 107 2598 ·
147 2558 187 2613 At
199 2562 279 2632 pater
293 2553 417 2629 AEneas,
428 2547 524 2610 audito
537 2553 654 2611 nomine
667 2553 768 2630 Turni,

107 2633 223 2692 Deserit
236 2642 265 2691 et
277 2650 383 2704 maroa,
398 2639 427 2690 et
439 2650 564 2689 summas
578 2631 684 2690 deserit
696 2650 794 2705 arces;

107 2712 327 2789 Praecipitatque
341 2729 434 2770 moras
447 2728 567 2784 omnes3
588 2728 675 2787 opera
687 2710 783 2768 omnia
795 2710 911 2786 rumpit,

108 2791 222 2855 Laetitia
236 2789 400 2862 exsultans;
422 2787 652 2865 horrendumque
666 2789 776 2847 intonat
786 2787 890 2847 armis:

105 2870 241 2942 Quantus
255 2869 358 2944 Athos,
373 2875 421 2927 aut
434 2874 557 2945 quantus
572 2867 662 2944 Eryx,
677 2867 810 2945 antipae,
825 2865 951 2934 coruscis
1006 2868 1008 2873 '

109 2950 207 3020 Quum
220 2948 316 3007 fremit
329 2946 454 3023 ilicibus,
469 2955 601 3024 quantus,
616 2945 879 3023 gaudetquenivali
944 3004 967 3015 1,

106 3028 224 3087 Vertice
238 3045 269 3086 se
282 3025 413 3086 attollens
426 3034 506 3104 pater
519 3027 691 3103 Apenninus
704 3026 741 3084 ad
754 3044 844 3084 auras.

105 3107 124 3164 J
126 3127 172 3164 am
185 3104 253 3166 verb
267 3113 297 3164 et
309 3105 414 3164 Rutuli
427 3105 566 3180 certatim,
581 3113 610 3163 et
623 3104 725 3183 Trois,
740 3111 769 3164 et
783 3121 883 3182 omnes

107 3183 284 3244 Convertbre
298 3184 396 3245 oculos
409 3184 484 3260 Itali,
498 3183 603 3262 quique
617 3183 674 3256 alta
685 3182 822 3248 tenebant

107 3264 228 3339 Moenia,
244 3262 348 3340 quique
361 3259 434 3320 imos
447 3262 601 3341 pulsabant
613 3262 700 3323 ariete
714 3281 826 3336 muros3

107 3346 254 3418 Armaque
268 3337 427 3419 deposubra
439 3341 584 3400 humeris:
606 3349 702 3419 stupet
713 3341 776 3418 ipse
789 3341 920 3416 Latinus,

109 3422 255 3498 Ingentes,
270 3419 380 3494 genitos
393 3418 513 3478 diversis
525 3419 651 3498 partibus
665 3418 750 3495 orbis,
786 3437 787 3440 ’
838 3475 841 3481 .

109 3501 189 3559 Inter
203 3518 233 3557 se
247 3497 349 3556 coiisse
362 3497 448 3572 viros,
463 3505 492 3556 et
505 3517 621 3568 cernere
634 3497 717 3557 ferro.
942 3560 945 3566 ,

147 3582 245 3655 Atque
258 3576 309 3652 illi,
323 3584 356 3636 ut
367 3593 459 3634 vacuo
472 3583 623 3653 patuerunt
636 3594 748 3654 aequore
761 3575 866 3654 campi,

108 3660 252 3733 Procursu
264 3655 372 3733 rapido,
388 3653 524 3732 conjectis
538 3655 653 3714 eminus
663 3654 762 3733 hastis,
792 3726 805 3732 Ἡ

110 3738 257 3798 Invadunt
268 3735 394 3794 Martem
407 3733 515 3812 clypeis
528 3739 612 3811 atque
624 3752 682 3799 ¹aera
695 3750 798 3794 sonoro
807 3750 823 3810 ᾗ,
875 3791 877 3799 ,
