2400 4178
103 188 141 245 oa
446 182 731 259 qeoaorcoauu

104 330 383 411 Cordslioetlougi
396 336 599 412 presciscere3
623 352 748 411 namque
762 344 907 395 morantes
1048 338 1094 397 70

104 412 229 474 Martius
241 412 291 473 ille
304 414 369 471 eris
382 414 461 471 rauci
474 432 561 471 aanor
573 412 712 491 increpat,
725 420 756 473 et
766 432 827 473 vox

104 492 230 551 Auditur
242 490 346 551 bretos
358 490 470 549 sonitus
483 492 594 549 imitata
605 490 748 551 tuburum.

104 570 184 631 Tum
196 570 316 647 trepidae
330 569 405 627 inter
417 588 449 629 se
463 574 578 644 nollunt,
592 570 754 646 pennisque
767 578 935 645 eoruscant3

106 648 127 707 S
148 648 280 725 iculsque
294 655 438 706 exacuunt
450 648 556 723 rostris,
571 656 726 725 aptantque
740 648 879 722 lacertos;
1007 674 1024 703 ι

104 668 147 785 El
159 726 238 785 eirea
249 744 348 802 regem
361 735 446 803 atque
458 726 522 803 ipsa
534 727 569 783 sd
583 728 715 801 praetoria
728 727 825 785 dense
1047 730 1092 785 '15

104 802 277 879 Miscentur,
291 805 460 881 magnisque
473 814 579 863 vocant
592 805 765 863 clamoribus
778 805 900 865 hostem.

103 882 193 959 Ergo,
206 882 258 940 ubi
271 900 322 939 ver
335 890 427 941 nacte
441 883 547 941 sudum
559 901 732 961 camposque
745 892 886 975 patentes,

104 959 271 1036 Erumpunt
283 961 391 1037 portis3
413 961 607 1033 concurritur3
630 961 738 1019 aethere
751 982 781 1019 ru
796 962 853 1021 alto

104 1037 154 1095 Fit
167 1040 295 1111 souitus;
317 1058 453 1115 magnum
468 1040 564 1097 mixtae
579 1040 773 1115 glomerantur
785 1040 815 1097 in
829 1039 937 1113 orbem,

104 1115 333 1194 Praecipitesque
346 1118 471 1176 cadunt:
494 1136 552 1174 uon
566 1117 681 1175 densior
694 1122 760 1175 aere
774 1119 891 1192 grando,

105 1194 171 1253 Nec
186 1196 222 1253 de
236 1196 379 1253 concussi
392 1204 504 1254 tantum
517 1196 593 1271 pluit
605 1196 672 1253 ilice
686 1194 805 1272 glandis.

106 1273 166 1349 lpsi
179 1294 231 1350 per
244 1274 354 1332 medias
367 1273 454 1350 teies,
469 1273 629 1349 insignibus
643 1274 705 1349 alis,

107 1351 243 1427 Ingentes
258 1352 368 1409 animos
383 1362 504 1429 augusto
519 1353 547 1409 in
562 1362 678 1428 pectore
693 1360 826 1425 versaut;

106 1431 208 1507 Usque
222 1428 294 1488 adeb
309 1431 409 1488 obnixi
423 1450 480 1489 nou
494 1432 607 1504 cedere,
622 1432 691 1487 dum
705 1430 808 1505 gravis,
822 1440 872 1488 aut
884 1430 948 1505 hos,

106 1511 166 1566 Aut
179 1508 242 1582 hos,
256 1528 339 1565 versa
352 1509 421 1582 lugi
434 1509 524 1566 victor
538 1509 605 1564 dare
619 1517 698 1581 terga
710 1506 833 1583 subegit

106 1586 148 1643 Hi
162 1596 255 1645 motus
271 1588 430 1645 animorum
445 1595 530 1662 atque
545 1585 608 1642 haee
622 1587 777 1643 certamina
790 1595 869 1645 tauta

106 1663 238 1722 Pulveris
253 1664 349 1739 exigui
360 1667 440 1741 jactu
455 1684 618 1740 compressa
631 1666 788 1740 quiescent

146 1740 256 1800 Verirm
272 1743 321 1801 ubi
336 1744 467 1800 ductores
482 1744 545 1800 acie
559 1746 739 1801 revocaveris
751 1744 845 1820 ambo,

107 1821 241 1880 Deterior
254 1823 304 1899 qui
318 1823 407 1897 visua,
422 1842 500 1896 eum,
512 1842 548 1879 ne
562 1824 698 1899 prodigus
712 1822 795 1898 obsit,

106 1900 191 1958 Dede
205 1903 286 1974 neci,
309 1901 411 1958 melior
423 1903 516 1958 vacua
532 1903 593 1959 siue
608 1911 707 1977 regnet
720 1902 750 1958 in
765 1901 839 1959 aulai.

106 1978 189 2036 Alter
202 1981 256 2038 erit
270 1980 391 2039 maculis
406 2000 474 2038 auro
490 1980 687 2056 squalentibus
701 1981 820 2052 ardens;

106 2056 184 2116 Nam
199 2060 256 2116 duo
271 2068 337 2116 sunt
351 2078 473 2133 genera:
496 2059 544 2115 hic
559 2059 669 2129 melior,
684 2058 804 2132 insignis
819 2067 848 2116 et
860 2076 919 2130 ore,

106 2135 148 2193 Et
160 2139 252 2194 rutilis
266 2138 359 2195 clarus
373 2136 515 2211 squamis:
539 2136 586 2192 ille
600 2136 732 2192 horridus
746 2136 817 2193 alter

106 2214 237 2289 Desidia,
252 2217 396 2291 latamque
410 2214 525 2271 trahens
539 2213 677 2287 inglorius
690 2212 797 2270 alvum.

147 2295 188 2353 Ut
200 2293 276 2350 biuae
292 2312 391 2367 regum
405 2292 502 2365 facies,
517 2293 556 2348 ita
569 2311 687 2368 corpora
699 2290 807 2367 plebis:

106 2370 241 2448 Namque
257 2372 319 2428 aliae
335 2381 430 2445 turpes
444 2370 570 2445 horrent,
585 2390 638 2428 ceu
652 2370 771 2448 pulvere
786 2368 821 2428 ab
836 2370 892 2429 alto

107 2449 207 2520 Quum
222 2451 311 2525 venit,
326 2458 354 2508 et
368 2451 444 2507 sicco
459 2458 561 2508 terram
576 2449 651 2526 spuit
664 2469 712 2506 ore
726 2449 818 2508 viattn

106 2530 229 2600 Aridus3
252 2529 368 2587 elucent
381 2529 455 2603 aliae,
470 2537 499 2587 et
512 2529 622 2603 fulgore
636 2539 796 2605 coruscant,

106 2609 250 2666 Ardentes
265 2628 342 2683 auro,
358 2617 387 2666 et
399 2608 515 2685 paribus
530 2608 580 2666 lita
594 2627 712 2686 corpora
725 2608 822 2685 guttis.

106 2687 181 2745 Haec
195 2688 289 2764 potior
299 2687 429 2746 soboles:
451 2688 519 2746 hinc
535 2688 601 2746 coeli
615 2696 744 2766 tempore
758 2697 837 2746 certo
1028 2687 1093 2744 100

107 2767 214 2825 Dulcia
227 2768 313 2825 mella
323 2787 456 2845 premes3
477 2787 532 2825 nec
546 2765 657 2825 tautum
671 2766 776 2842 dulcia,
790 2760 928 2843 quantum

107 2847 147 2905 Et
160 2847 278 2924 liquida,
294 2856 323 2904 et
336 2848 438 2905 durum
452 2846 562 2903 Bacchi
576 2846 717 2903 domitura
730 2863 871 2920 saporem.

147 2928 186 2984 At
199 2944 287 3000 quum
301 2925 411 2981 incerta
423 2924 521 2980 volant
534 2923 665 2998 coeloque
679 2922 813 2978 examina
825 2921 938 2995 ludunt,

107 3005 361 3077 Contemnuutque
375 3002 464 3073 lavoS,
477 3010 505 3058 et
518 3001 620 3076 frigida
633 3009 708 3058 tecta
721 2998 894 3075 relinquunt,

109 3081 260 3138 Instabiles
275 3080 384 3136 animos
398 3079 466 3136 ludo
479 3078 646 3156 prohibebis
662 3077 749 3134 inani.
1030 3079 1092 3137 105

108 3158 139 3217 N
142 3177 176 3216 ec
192 3177 312 3234 magnus
325 3157 478 3233 prohibere
493 3157 588 3214 labor:
610 3164 641 3213 tu
655 3155 769 3230 regibus
783 3154 841 3212 alas

108 3237 218 3314 Eripe:
239 3256 297 3294 non
312 3236 368 3295 illis
382 3237 531 3316 quisquam
546 3234 746 3291 cunctantibus
761 3232 850 3291 altum

109 3316 155 3373 Ire
168 3317 231 3391 iter,
247 3322 295 3373 aut
309 3315 407 3373 castn's
422 3313 537 3372 audebit
551 3312 656 3371 vellere
669 3312 760 3386 signa.

109 3395 236 3452 Invitent
249 3395 359 3451 croceis
372 3393 502 3450 halantes
515 3391 630 3449 floribus
644 3389 735 3463 horti,

109 3473 150 3531 Et
163 3482 258 3530 custos
271 3472 366 3530 lurum
381 3479 465 3547 atque
479 3471 585 3542 avium,
600 3487 665 3527 cum
683 3469 755 3526 falce
769 3468 889 3545 saligni,
1030 3472 1092 3531 110

109 3551 339 3627 Hellespontiaci
353 3557 447 3609 servet
459 3547 548 3606 tutela
560 3546 667 3622 Priapi.
899 3546 902 3551 '

110 3629 188 3706 Ipse,
202 3630 335 3706 thymum
349 3629 491 3706 pinosque
505 3624 598 3682 ferens
613 3626 649 3682 de
664 3625 808 3684 montibus
822 3626 896 3702 altis,
