2370 4176
127 194 167 255 Ι
478 194 763 254 Gnoeolcoltum

129 347 289 407 Fermento
301 354 389 425 atque
401 344 491 405 scidis
504 347 653 405 imitantur
665 347 744 405 vitea
756 346 855 405 sorbis.

129 424 212 484 Talis
225 424 407 563 hwm
419 433 532 502 septem
545 425 675 505 subjecta
687 425 773 482 trioni

130 503 212 561 Gens
225 522 243 562 e
305 522 346 563 no
355 501 449 563 virum
462 504 590 581 Rhipeo
601 502 731 563 madiam
743 520 823 579 euro,

129 581 172 641 Et
183 580 330 659 pecudum
342 580 431 641 fulvis
442 581 555 641 velatur
637 600 687 639 ora
698 581 776 639 setis.
824 600 852 631 o

170 660 202 718 Si
215 659 267 719 tibi
279 658 419 719 lanicium
432 680 520 735 curre,
533 660 609 737 prim
630 679 660 717 m
676 674 779 736 aspen
790 660 873 735 silva,
993 700 1001 714 .

129 737 298 817 Lappaeque
309 737 467 817 uibulique
480 739 594 811 absint3
607 739 676 814 suge
689 738 797 873 pabula
810 739 893 813 letn3

128 812 334 894 Continudque
346 836 449 895 greges
462 818 538 875 villis
551 818 616 892 iege
629 817 765 875 molibus
778 817 867 875 albos

129 892 214 951 Illum
230 900 337 969 autem,
350 897 484 972 quamuis
498 897 571 953 aries
585 896 622 953 sit
634 894 774 953 candidus
787 895 860 971 ipse,

128 971 221 1046 Nigra
234 972 334 1033 subest
346 974 406 1031 udo
418 972 531 1032 tautum
545 974 592 1031 cui
606 974 706 1049 lingua
717 972 824 1049 palato,

127 1048 242 1129 Rejice,
255 1069 294 1109 ne
307 1052 430 1110 mooulis
442 1053 566 1110 infuscet
578 1052 686 1109 vellera
699 1052 787 1127 pullis

127 1128 328 1202 Nascentrim3
349 1129 494 1207 plenoque
511 1130 598 1187 alium
613 1130 804 1205 circumspice
818 1148 931 1207 campo.

127 1206 254 1265 Munere
268 1207 309 1265 sic
323 1206 410 1265 niveo
422 1208 506 1284 lause,
522 1209 546 1266 si
560 1209 676 1266 credere
690 1208 810 1283 dignum
824 1216 876 1283 est,

127 1282 202 1360 Pub,
217 1286 288 1343 deus
302 1286 445 1362 Arcadiae,
460 1296 574 1364 captam
589 1295 627 1361 te,
643 1288 736 1360 Luna,
751 1286 862 1361 fefellit,

128 1362 163 1421 ln
177 1382 296 1421 nemora
309 1363 368 1422 alta
379 1383 506 1424 vocans:
527 1384 582 1423 nec
596 1374 627 1423 tu
641 1372 792 1441 aspernata
805 1373 965 1423 vocantem.

168 1442 208 1500 At
221 1440 271 1499 cui
283 1441 366 1500 lactis
380 1462 469 1518 amor,
485 1444 608 1520 cytisum
621 1443 753 1517 lotosque
766 1442 932 1518 frequentes

128 1518 196 1595 lpse
211 1537 299 1577 manu
312 1520 459 1596 salsasque
473 1521 545 1579 ierat
556 1520 737 1615 praesepibus
750 1521 862 1578 herbas.

127 1596 207 1653 Hinc
221 1605 250 1655 et
263 1605 362 1656 emant
373 1598 477 1655 fluvios
491 1618 592 1674 magis,
607 1618 639 1656 ae
654 1594 746 1674 magis
760 1598 850 1657 ubera
863 1600 996 1675 tendunt,

126 1673 169 1732 Et
182 1674 249 1733 salis
263 1676 409 1734 occultum
423 1677 551 1735 referunt
564 1677 593 1734 in
608 1677 682 1735 lacte
696 1696 838 1753 saporem.

126 1751 216 1812 Multi
225 1755 287 1832 jam
302 1762 435 1813 excretos
448 1755 603 1832 prohibent
618 1775 635 1813 a
648 1756 787 1814 matribus
800 1744 910 1831 haedos,

125 1829 281 1910 Primaque
295 1832 405 1892 serratis
418 1835 573 1910 prrefigunt
586 1854 635 1892 ora
648 1834 785 1911 capistris.

127 1909 215 1980 Quod
228 1918 362 1989 surgente
376 1912 424 1971 die
436 1912 570 1993 mulsere,
583 1913 718 1989 horisque
732 1913 851 1987 diurnis,

125 1988 222 2048 Nocte
235 1997 389 2067 premunt3
411 1993 489 2068 quod
498 1994 560 2070 jam
572 1991 699 2050 tenebris
713 2000 743 2050 et
755 1992 817 2049 soie
830 1991 962 2066 cadente,

127 2066 188 2125 Sub
201 2067 298 2127 lucam
312 2077 467 2145 exportans
481 2070 602 2128 calathis
615 2070 674 2128 adit
687 2070 794 2146 oppida
805 2078 920 2146 pastor;

124 2147 186 2205 Aut
199 2165 286 2222 parco
300 2147 360 2205 sale
373 2148 554 2225 contingunt,
567 2147 716 2223 hiemique
729 2157 882 2225 reponunt⁴
921 2158 955 2194 δ

164 2224 196 2284 N
197 2243 231 2283 ec
244 2224 381 2296 tibicura
392 2244 498 2283 canum
509 2226 595 2285 fuerit
606 2234 768 2301 postrema3
790 2227 841 2283 sed
855 2225 915 2285 unt

124 2300 251 2361 Veloces
266 2303 377 2380 sparte
388 2304 508 2379 catulos,
524 2322 678 2380 acremque
692 2304 866 2379 Molossum,

124 2379 217 2439 Pasce
231 2381 426 2459 sero-pingui:
446 2401 597 2460 nunquam
611 2383 779 2441 custodibus
792 2382 850 2440 illis

123 2457 307 2520 Nocturnum
322 2461 442 2520 stabulis
455 2462 557 2537 furem,
572 2462 763 2538 incursusque
776 2460 922 2540 luporum,

123 2539 186 2596 Aut
198 2538 358 2617 impocotos
371 2558 389 2598 a
401 2547 482 2615 tergo
496 2539 626 2598 horrebis
641 2538 749 2598 iberos.

124 2612 213 2699 &pb
226 2619 315 2677 etiam
329 2637 416 2677 cursu
430 2619 545 2678 timidos
560 2619 681 2696 agitabis
695 2637 825 2696 onagros,

123 2692 166 2755 Et
178 2696 299 2756 canibus
311 2696 452 2776 leporem,
467 2699 588 2758 canibus
601 2699 745 2757 venabere
759 2699 875 2756 damas:

124 2772 211 2855 Saepe
225 2774 383 2836 volutabris
396 2778 495 2854 pulsos
509 2778 688 2837 silvestribus
701 2796 785 2853 apros

123 2852 243 2915 Latratu
255 2854 384 2915 turbebis
397 2874 495 2931 agens,
509 2865 681 2932 montesque
695 2874 747 2931 per
760 2854 832 2912 altos

124 2931 277 3007 lugentem
290 2933 416 2992 clamore
424 2947 543 3010 ‘premes
557 2936 594 2993 ad
608 2935 679 2991 retia
692 2951 819 2990 cervum.

163 3011 254 3070 Disce
267 3018 299 3070 ot
310 3012 457 3069 odoratam
472 3011 590 3069 stabulis
605 3012 764 3069 accendere
778 3010 909 3084 cedrum,

124 3088 332 3166 Galbaneoque
346 3089 453 3165 qitare
467 3108 568 3165 graves
582 3091 682 3148 nidore
696 3088 858 3165 chelydros.

125 3164 210 3243 Saepe
225 3166 278 3225 sub
292 3167 420 3225 immotis
433 3168 612 3245 praesepibus
625 3176 676 3226 aut
689 3167 765 3224 mala
777 3173 855 3225 tactu

122 3245 235 3323 Vipera
247 3245 369 3321 delituit,
384 3246 550 3322 caelumque
564 3247 699 3305 exterrita
712 3245 804 3333 fugiq;

124 3327 184 3383 Aut
194 3333 270 3384 tecto
285 3332 417 3384 asaneus
432 3325 551 3383 coluber
563 3325 718 3383 succedere
733 3336 762 3382 et
774 3321 895 3397 umbrae,

122 3403 220 3463 Pestis
235 3403 336 3463 acerb'a
349 3403 449 3479 boum,
463 3404 618 3481 pecorique
633 3421 784 3481 aspergere
797 3402 887 3478 urus,
933 3460 937 3467 ,

123 3483 211 3543 Fovit
224 3483 367 3542 humum:
388 3501 460 3560 cape
474 3501 546 3541 saxa
559 3502 657 3557 manu,
672 3501 743 3559 cape
758 3480 868 3557 robora,
883 3489 996 3561 pastor3
1040 3484 1105 3540 -420

122 3562 352 3640 Tollentemque
364 3561 459 3621 minos
472 3571 502 3621 et
514 3562 598 3620 sibila
611 3563 686 3620 colla
698 3568 861 3620 tumentem
1028 3572 1031 3577 '

123 3639 245 3720 Dejice:
263 3642 385 3722 jamque
396 3640 466 3717 fugat
479 3641 613 3700 timidum
628 3649 714 3718 caput
727 3639 838 3698 abdidit
851 3636 919 3715 alte,
