2370 4176
111 157 149 214 24
464 159 744 219 BUCOLICORUM

110 304 253 383 conjugis
265 314 299 366 ut
311 270 430 383 magicis
443 326 528 367 sanos
543 318 671 369 avertere
684 311 772 370 sacris

111 382 254 461 Experiar
267 403 387 443 sensus:
408 385 481 443 nihil
495 385 544 444 hic
558 389 615 445 nisi
629 390 755 450 carmina
768 389 881 448 desunt

111 463 218 521 Ducite
232 461 268 520 ab
282 462 353 522 urbe
366 464 492 539 domum,
505 467 719 541 mercamine,
734 468 832 526 ducite
846 467 995 546 Daphnin.

150 541 287 599 Carmina
299 540 347 599 vel
358 541 431 599 coelo
441 552 564 618 possunt
575 545 717 602 deducere
732 546 845 604 Lunam
857 567 864 603 :

110 617 293 677 Carminibus
307 619 392 678 Circe
406 621 499 678 socios
513 622 634 681 mutavit
647 623 782 699 Ulyssei;
1052 627 1117 683 'ID‘

109 696 243 771 Frigidus
257 696 287 754 iu
301 698 388 773 pratis
402 699 543 757 cantando
552 701 697 776 rumpitur
711 701 820 776 anguis.
923 737 927 746 ·

109 775 216 832 Ducite
231 773 265 831 ab
279 774 351 833 urbe
365 776 492 851 domum,
507 796 573 834 mea
586 779 721 853 carmina,
738 780 834 837 ducite
848 780 997 859 Daphnin.

148 852 246 909 Terna
258 853 310 911 tihi
323 853 387 911 haec
400 851 524 930 primum
539 855 643 932 triplici
657 857 769 915 diversa
782 859 877 916 colore

108 927 190 991 Lisia
203 931 358 1007 circumdo,
373 940 472 1009 terque
486 933 550 991 haec
564 933 662 992 altaria
675 936 782 993 circum

108 1006 244 1084 Effigiem
259 1011 351 1068 duco:
373 1030 492 1068 numero
508 1012 579 1069 deus
592 1012 701 1088 impare
715 1014 828 1089 gaudet.
1050 1018 1088 1072 75

107 1086 214 1145 Ducite
229 1087 264 1144 ab
279 1088 349 1146 urbe
363 1089 491 1163 domum,
506 1108 571 1146 mea
584 1092 720 1166 carmina,
735 1093 831 1150 ducite
845 1088 993 1168 Daphnin.

146 1165 241 1224 Necte
255 1165 345 1224 tribus
359 1167 442 1224 nodis
456 1174 562 1242 ternos,
577 1169 726 1246 Amarylli,
741 1170 870 1241 colores3

107 1243 212 1319 Necte,
227 1245 376 1321 Amarylli,
391 1243 492 1303 modo:
515 1254 553 1320 et,
568 1247 703 1322 Veneris,
718 1248 774 1323 dic,
788 1246 903 1305 vincula
915 1256 1010 1306 necto.

107 1321 214 1379 Ducite
229 1322 265 1379 ab
280 1323 351 1380 urbe
366 1324 493 1397 domum,
508 1343 574 1381 mea
588 1326 723 1401 carmine,
738 1327 833 1383 ducite
848 1325 997 1402 Daphnin.

147 1401 248 1458 Limus
261 1409 293 1458 ut
306 1401 354 1458 hic
368 1402 501 1476 durescit,
517 1411 546 1459 et
560 1402 624 1459 haec
638 1410 670 1460 ut
679 1423 746 1461 cera
762 1403 895 1480 liquescit
1051 1409 1089 1462 80

107 1477 175 1537 Uno
190 1480 351 1556 eodemque
364 1480 444 1553 igni3
465 1481 506 1537 sic
520 1491 617 1537 nostro
631 1481 765 1556 Daphnis
779 1500 884 1538 amore.

109 1556 218 1632 Sparge
232 1557 347 1631 molam,
362 1566 391 1614 et
404 1557 519 1632 fragiles
534 1558 658 1616 incende
671 1558 813 1616 bitumine
827 1559 937 1618 lauros:

40 1660 45 1668 ·
106 1633 241 1711 Daphnis
248 1653 301 1692 me
315 1635 409 1693 malus
422 1636 496 1709 urit3
517 1655 572 1711 ego
585 1636 661 1694 hanc
674 1637 705 1694 in
719 1637 876 1714 Daphnide
890 1638 1010 1696 laurum.

107 1713 214 1770 Ducite
228 1712 264 1770 ab
278 1712 348 1771 urbe
363 1714 492 1788 domum,
506 1734 571 1772 mea
584 1715 720 1790 carmina,
735 1716 832 1774 ducite
847 1716 996 1794 Daphnin.

95 1817 108 1828 α
146 1790 227 1848 Talis
242 1810 322 1849 amor
335 1792 484 1869 Daphnin,
499 1794 591 1870 qualis
605 1813 693 1870 quum
706 1795 783 1853 fessa
792 1792 953 1873 juvencum
1051 1797 1089 1854 85

105 1869 164 1927 Per
177 1888 296 1928 nemora
309 1879 394 1948 atque
410 1871 481 1929 altos
495 1874 651 1948 quaerendo
664 1872 770 1932 bucula
782 1873 864 1931 lucos

51 1955 57 1967 ’
106 1947 228 2024 Propter
241 1968 322 2025 aquae
337 1949 429 2008 rivum
443 1951 527 2008 viridi
540 1949 703 2027 procumbit
715 1952 745 2008 in
759 1951 827 2009 ulvis

106 2025 233 2101 Perdita,
247 2045 303 2086 uec
316 2046 387 2101 serae
401 2029 533 2087 meminit
546 2029 686 2089 decedere
700 2029 788 2104 nocti,

107 2104 187 2162 Talis
202 2125 280 2162 amor
293 2114 408 2178 teneat3
431 2124 486 2164 nec
500 2107 537 2164 sit
550 2106 622 2163 mihi
637 2125 706 2164 cura
719 2107 836 2165 mederi.

107 2183 213 2240 Ducite
228 2182 263 2240 ab
277 2183 349 2241 urbe
363 2185 492 2257 domurn,
507 2203 573 2242 mea
586 2184 722 2259 carmina,
736 2186 834 2243 ducite
848 2185 996 2263 Daphnin.
1051 2191 1088 2246 90

147 2261 210 2318 Has
224 2261 292 2319 olim
307 2263 427 2321 exuvias
440 2262 514 2320 mihi
526 2263 653 2339 perfidus
667 2262 716 2324 ille
730 2263 853 2340 reliquit,

107 2338 233 2415 Pignora
246 2358 312 2397 cara
325 2341 379 2415 sui,
394 2359 458 2416 quae
472 2359 549 2399 nunc
563 2360 628 2417 ego,
643 2341 742 2399 limine
756 2341 786 2399 in
800 2342 872 2420 ipso,

108 2416 207 2492 Terra,
221 2417 274 2476 tibi
288 2419 410 2498 mand03
433 2418 541 2477 debent
553 2420 617 2477 haec
631 2419 750 2500 pignora
764 2421 912 2497 Daphnis.

107 2496 215 2554 Ducite
229 2495 265 2553 ab
279 2497 352 2555 urbe
364 2498 491 2572 domum,
507 2516 574 2555 mea
587 2498 723 2574 carmina,
738 2499 834 2556 ducite
848 2499 997 2576 Daphnin.
1041 2553 1048 2557 .

148 2573 212 2632 Has
224 2574 329 2632 herhas
343 2587 428 2652 atque
442 2576 507 2634 haec
520 2576 614 2634 Ponto
628 2574 700 2634 mihi
713 2577 789 2635 lecta
800 2596 915 2636 venena
1051 2581 1089 2635 95

90 2652 175 2730 ·lpse
186 2653 267 2711 dedit
280 2654 399 2712 Moeris:
420 2664 578 2713 nascuntur
591 2654 715 2732 plurima
727 2655 830 2715 Ponto.

107 2730 165 2789 His
179 2749 233 2808 ego
247 2729 324 2810 saepe
339 2733 439 2810 lupum
452 2733 515 2792 fieri
529 2741 603 2792 etse
617 2735 741 2792 condere
754 2734 833 2794 silvis
955 2803 958 2806 ,

107 2809 226 2886 Moerin,
241 2809 319 2888 saepe
334 2813 444 2870 animas
454 2812 521 2870 imis
534 2813 631 2870 excire
645 2812 794 2889 sepulcris,

108 2891 204 2965 Atque
218 2897 294 2947 satas
308 2888 364 2947 alid
378 2890 440 2947 vidi
454 2891 605 2948 traducere
618 2908 737 2947 messes.

101 2967 216 3025 'Ducite
230 2966 266 3024 ab
280 2967 351 3025 urbe
366 2968 492 3041 domurn,
507 2986 573 3024 mea
585 2968 722 3043 carmina,
737 2967 834 3024 ducite
849 2963 998 3045 Daphnin.
1035 2972 1091 3026 100

147 3045 206 3102 Fer
219 3046 342 3119 cineres,
358 3045 509 3122 Amarylli,
523 3046 607 3120 foras,
622 3047 741 3122 rivoque
755 3045 856 3105 tlueuti

108 3123 259 3199 Transque
273 3119 453 3258 caputp‘acess
474 3142 529 3181 nec
543 3124 712 3199 respexeris.
754 3124 811 3182 His
825 3142 879 3200 ego
893 3123 1032 3201 Daphnin

108 3201 285 3277 Aggrediar:
307 3201 367 3259 nih'
394 3201 443 3259 ille
456 3203 536 3276 deos,
551 3202 591 3258 nil
608 3202 744 3277 carmina,
758 3211 847 3261 curat.

109 3281 215 3338 Ducite
231 3278 266 3336 ah
279 3279 351 3338 urbe
365 3281 493 3354 domum,
509 3299 575 3337 mea
587 3281 724 3356 carmina,
739 3281 835 3340 ducite
849 3278 1000 3358 Daphnin.

151 3358 295 3436 Adspice:
318 3358 455 3434 corripuit
468 3358 598 3417 tremulis
611 3359 710 3417 altaris
722 3359 845 3418 flammis
1036 3363 1091 3418 105

110 3438 220 3514 Sponte
234 3436 296 3510 suh,
311 3437 380 3494 dum
394 3436 467 3494 serre
481 3455 584 3512 moror,
599 3438 672 3496 cinis
685 3439 757 3515 ipse.
778 3437 786 3448 ⁰
799 3440 916 3496 Bonum
929 3437 983 3497 sit!

109 3516 219 3573 Nescio
233 3515 303 3592 quid
316 3511 394 3573 certe
409 3524 471 3589 est3
493 3523 523 3574 et
536 3515 635 3592 Hylax
648 3517 678 3573 in
693 3517 793 3575 limine
806 3516 898 3575 latrat
1017 3574 1019 3578 ,

110 3593 283 3652 Credimus?
305 3613 341 3652 an
356 3594 405 3671 qui
419 3602 516 3652 amant
528 3595 583 3671 ipsi
597 3594 652 3652 sibi
666 3595 778 3653 somnia
790 3595 923 3672 fingunt?

110 3671 233 3748 Parcite,
249 3672 284 3730 ab
299 3673 370 3731 urbe
383 3675 475 3749 venit,
485 3676 547 3753 jam
559 3673 677 3751 parcite,
692 3674 829 3749 carmina,
843 3671 988 3751 Daphnis.
