2400 4178
491 199 605 256 ninus
623 200 687 256 vu.

105 347 244 408 'Examen
257 347 383 408 subitum
397 368 476 408 ramo
489 350 639 411 frondente
652 351 798 430 pependit.

109 425 257 487 Continud
271 435 364 505 vates,
379 428 543 488 Externum
555 431 710 507 cernimus,
723 430 825 508 inquit,

109 508 274 566 Adventare
287 508 390 583 virum,
405 516 434 567 et
446 516 541 585 partes
553 518 653 586 petere
666 530 748 588 ugme
782 510 899 570 easdem

109 586 242 645 Partibus
255 605 293 645 ex
305 585 408 664 isdem,
422 594 451 646 et
464 588 577 646 summe
590 588 730 648 dominari
776 609 851 649 arce.
884 602 890 609 '

110 666 261 741 Praeterea,
276 667 361 725 castis
374 666 470 725 adolet
482 667 551 733 dum
565 667 663 727 altaria
675 669 767 745 taedis,

110 745 152 804 Ut
160 746 247 823 juxta
259 745 419 820 genitorem
433 745 526 804 adstet
539 747 661 805 Lavinia
673 749 761 824 virgo,

109 823 182 882 Visa
196 823 304 903 (netas)
318 824 411 902 longis
425 826 630 901 comprendere
644 827 770 887 crinibus
783 828 891 906 ignem,

109 904 204 980 Atque
219 923 336 962 omnem
349 912 480 963 ornatum
493 902 610 962 flammo
624 906 780 985 crepitante
795 909 929 982 cremari3

108 981 293 1060 Regalesque
308 1001 429 1041 accensa
441 1000 548 1057 comus,
563 1001 685 1042 accensa
699 1004 832 1044 coronam

109 1060 257 1137 Insignem
270 1061 410 1137 gemmis3
432 1071 492 1119 tum
506 1060 615 1119 fumida
627 1063 738 1122 lumine
752 1063 832 1123 fulvo

39 1204 44 1214 ,
110 1137 232 1216 Involvi,
247 1156 280 1197 oc
293 1140 360 1198 totis
374 1139 541 1198 Vulcanum
555 1159 686 1217 spargere
700 1144 809 1202 tectis·

110 1217 145 1275 Id
158 1215 227 1276 verb
240 1217 415 1277 horrendum
429 1238 463 1277 sc
475 1219 539 1276 visu
553 1220 684 1279 mirabile
697 1221 780 1281 ferri:

109 1297 244 1373 Namque
257 1297 318 1356 fore
331 1297 471 1356 illustrem
484 1297 562 1356 samri
575 1298 696 1376 satisque
710 1301 854 1361 canebant

110 1375 223 1453 Ipsam3
245 1377 296 1435 sed
309 1377 415 1455 populo
427 1397 563 1454 magnum
576 1380 746 1455 portendere
759 1379 877 1439 bellum.
917 1429 919 1433 ,

109 1458 149 1513 At
162 1475 222 1532 rex,
237 1456 376 1516 sollicitus
389 1458 532 1533 monstris,
546 1457 661 1517 oracula
673 1459 768 1518 Fauni

109 1535 234 1593 Fatidici
246 1536 382 1611 genitoris
396 1537 464 1611 adit,
478 1536 618 1614 Inoosque
633 1538 685 1597 sub
700 1538 757 1597 alta

109 1614 244 1672 Consulit
256 1614 401 1691 Albuneri,
416 1635 564 1674 nemorum
578 1636 644 1694 quae
658 1618 785 1677 maxime
798 1637 878 1677 sacro

108 1691 203 1750 Fonte
217 1703 307 1770 sonat,
322 1713 485 1771 saevamque
499 1695 615 1753 exhalat
628 1715 719 1774 opaca
730 1697 890 1775 mephitim.

110 1771 189 1829 Hinc
204 1771 284 1829 ltalae
299 1782 415 1849 gentes,
423 1773 574 1850 omnisque
590 1774 725 1833 OEnotn'a
737 1776 832 1853 tellus,

110 1850 144 1907 ln
159 1850 253 1909 dubiis
267 1869 403 1929 response
415 1858 525 1930 petunt.
567 1853 637 1911 Huc
651 1855 726 1912 dona
739 1857 872 1914 sacerdos

110 1929 209 2000 Quum
224 1929 298 2005 tulit,
312 1939 342 1990 et
356 1950 495 1989 caesarum
507 1931 605 1989 ovium
619 1932 671 1991 sub
685 1941 770 1992 nocte
784 1935 880 1995 silenti

109 2007 238 2066 Pellibus
252 2009 384 2069 incubuit
398 2010 500 2086 stratis,
514 2030 688 2088 somnosque
702 2013 812 2090 petivit,

108 2087 205 2146 Multa
219 2088 312 2149 modis
325 2089 476 2149 simulacra
488 2090 567 2149 videt
580 2091 729 2150 volitantia
743 2093 830 2169 miris,

108 2167 149 2227 Et
162 2168 253 2227 varias
268 2169 348 2229 audit
361 2187 458 2244 vooes,
472 2169 630 2245 fruiturque
644 2171 764 2239 deorum

106 2247 270 2323 Colloquio,
286 2256 370 2326 atque
382 2248 449 2307 imis
463 2250 629 2308 Acheronta
642 2250 745 2309 affatur
756 2252 889 2312 Avemis.

108 2325 167 2384 Hic
181 2335 210 2384 et
223 2335 286 2385 tum
300 2337 382 2405 puter
394 2328 457 2406 ipse
469 2337 572 2404 petens
585 2349 722 2407 responsa
735 2332 855 2391 Latinus

107 2405 233 2463 Centum
247 2405 388 2482 lanigeras
401 2407 543 2466 mactabat
556 2405 609 2465 rite
623 2408 767 2486 bidentes,

108 2485 204 2560 Atque
217 2483 319 2540 burum
334 2484 450 2542 effultus
464 2493 543 2560 tergo
557 2487 707 2563 stratisque
716 2487 833 2566 jacebat

107 2560 282 2618 Velleribus.
326 2561 427 2620 Subita
439 2580 477 2618 ex
491 2563 547 2621 ulto
560 2583 619 2621 vox
633 2567 744 2623 reddita
756 2566 822 2625 luco
836 2575 896 2626 est.

107 2640 139 2697 N
140 2658 156 2696 e
169 2648 236 2716 pete
247 2638 399 2697 connubiis
412 2647 507 2697 natam
522 2641 630 2698 sociare
644 2643 763 2718 Latinis,

109 2719 134 2777 Ο
150 2738 215 2777 mea
227 2719 389 2795 progenies,
403 2717 537 2776 thalamis
551 2738 609 2777 neu
622 2719 707 2778 cr'ede
720 2721 842 2799 paratis:

108 2798 232 2856 Extemi
244 2796 365 2857 veniunt
377 2797 485 2873 generi,
499 2798 548 2874 qui
562 2799 702 2874 sanguine
715 2808 844 2860 nostrum

107 2877 226 2936 Nomen
239 2876 270 2934 in
285 2885 358 2936 arba
370 2877 471 2951 serant,
486 2897 664 2955 quorumque
679 2878 714 2937 ab
728 2879 816 2958 stirpe
829 2888 949 2960 nepotes
1022 2883 1025 2891 '

108 2956 214 3016 Omnia
227 2956 280 3015 sub
293 2956 426 3034 pedibus,
441 2956 497 3035 qua
511 2958 553 3015 sol
567 2966 720 3034 utrumque
735 2977 885 3020 recurrens
944 2953 948 2964 '
1029 2967 1086 3023 100

107 3037 240 3114 Adspicit
253 3054 404 3113 oceanum,
418 3035 548 3113 vertique
562 3037 679 3114 regique
692 3037 840 3098 videbunt.

108 3115 183 3174 Haec
197 3134 334 3194 responsa
345 3115 433 3193 patris
447 3115 553 3191 Fauni,
567 3117 749 3193 monitusque
763 3117 858 3179 silenti

108 3193 205 3253 Nocte
219 3196 309 3270 datos,
320 3214 378 3253 nou
391 3195 455 3272 ipse
469 3214 520 3254 suo
533 3195 637 3273 premit
649 3216 698 3255 ore
712 3197 849 3275 Latinus3

109 3274 168 3332 Sed
182 3270 290 3331 circum
303 3271 361 3332 late
374 3273 496 3333 volitans
506 3276 567 3354 jam
581 3274 657 3333 fama
668 3294 721 3354 per
732 3274 820 3336 urbes

108 3352 251 3411 Ausonias
264 3352 376 3427 tulerat,
389 3372 479 3429 quum
493 3355 701 3414 Laomedontia
713 3354 806 3433 pubes
1029 3359 1085 3419 105

109 3431 265 3489 Gramiueo
278 3431 348 3508 ripre
362 3430 492 3508 religavit
505 3432 540 3491 ab
554 3452 657 3510 aggere
671 3434 801 3493 classem.

149 3510 270 3585 AEneus,
283 3510 424 3587 primique
438 3511 535 3587 duces,
550 3520 579 3570 et
591 3513 714 3590 pulcher
728 3511 817 3589 li'rlus,

108 3590 237 3666 Corpore
251 3589 304 3647 sub
317 3589 402 3646 ramis
416 3588 563 3667 deponunt
577 3591 683 3650 arboris
697 3591 771 3666 altre,

109 3668 323 3746 Instituuntque
338 3668 435 3745 dapes,
449 3675 479 3726 et
492 3669 594 3727 adoreo
605 3669 665 3728 liba
676 3688 730 3748 per
741 3668 860 3730 berbam

109 3746 274 3826 Subjiciunt
286 3746 380 3824 epulis
394 3744 450 3824 (sic
463 3747 576 3824 Jupiter
587 3748 637 3806 ille
650 3746 813 3828 monebat),
1025 3754 1084 3810 110

108 3825 151 3886 Et
162 3825 273 3887 cereale
286 3825 380 3887 solum
391 3826 486 3906 pomis
498 3825 655 3904 agrestibus
669 3835 782 3903 augent.
