2400 4178
518 196 743 281 surr-sq
859 278 861 282 Α
1055 168 1170 264 ao'

108 322 198 423 Ae'ri
209 347 371 424 virgineum
385 347 537 407 suffuderit
549 367 599 408 ore
611 349 756 426 ruborem,
1031 353 1092 415 441

108 424 223 485 Ventus
236 427 308 499 erit;
329 434 416 486 vento
430 445 545 504 semper
557 427 642 486 rubet
653 445 741 486 curce
752 426 885 486 Phoebe:

110 503 162 562 Sin
176 512 240 563 ortu
252 505 283 562 in
297 512 396 582 quarto
411 503 554 582 (namque
567 506 593 564 is
606 506 782 566 certissimus
796 507 910 586 auctor)
946 544 950 549 «

107 581 194 657 Pura,
208 601 305 660 neque
319 583 427 642 obtusis
440 602 493 659 per
505 583 612 642 coelum
626 583 761 643 cornibus
773 585 837 659 ibit,

109 659 202 718 Totus
217 669 246 720 et
258 660 308 718 ille
322 661 503 739 diss‚etqui
515 661 783 721 nascenturobillo
1055 701 1058 707 -

108 737 254 797 Exoctum
268 734 305 797 dd
318 753 458 816 mensem,
471 739 571 816 pluviis
584 741 736 817 ventisque
749 740 899 821 carebunt,
1031 746 1097 802 435

108 816 242 894 Votaque
256 818 360 876 servati
374 818 486 879 solvent
499 819 530 876 in
543 818 638 878 littore
651 827 747 878 naute

109 894 220 954 Glauco
235 904 264 955 et
275 895 422 972 Panopeae
435 904 465 955 et
478 895 551 955 Inoo
565 897 735 956 Melicerte.

149 975 199 1032 Sol
213 993 336 1052 quoque,
351 983 381 1034 et
392 975 537 1049 exoriens,
550 983 582 1033 vet
594 993 683 1052 quum
697 994 729 1034 se
742 975 849 1035 condet
861 975 892 1034 in
904 976 1008 1053 unslet,

109 1051 199 1127 Signa
212 1053 309 1111 dabit:
328 1053 424 1111 solem
434 1052 596 1112 ‘certissima
609 1050 692 1128 signa
704 1063 872 1130 sequuntur,

108 1129 150 1187 Et
163 1150 227 1207 quae
240 1128 325 1188 mane
341 1131 435 1207 refert,
450 1138 480 1190 et
492 1150 557 1208 quae
571 1131 754 1207 surgentibus
768 1133 859 1190 astris.
952 1148 957 1156 ·
1031 1134 1092 1191 440
1115 1162 1121 1171 ·
1151 1188 1155 1194 .

149 1207 203 1266 lile
216 1208 267 1266 ubi
281 1216 449 1266 noscentem
462 1209 582 1266 maculis
595 1210 749 1270 variaverit
761 1219 855 1269 ortum

109 1285 251 1346 Conditus
264 1287 294 1344 in
308 1286 425 1360 nubem,
440 1286 594 1364 medioque
607 1287 743 1363 refugerit
756 1289 835 1363 orbe,

110 1364 243 1442 Suspecti
257 1365 309 1424 tibi
322 1366 381 1423 sint
393 1364 520 1423 imbres:
541 1373 765 1442 nomqueurget
777 1366 813 1425 cb
828 1367 885 1424 alto

107 1443 324 1520 Arboribusque
338 1444 464 1520 satisque
478 1443 575 1503 Notus
588 1444 744 1521 pecorique
758 1445 881 1504 sinister.

107 1522 168 1580 Aut
181 1522 232 1581 ubi
245 1522 298 1581 sub
312 1522 406 1580 lucem
420 1522 512 1583 denso
524 1522 599 1580 inter
611 1522 712 1580 nubila
724 1540 789 1581 sese
1033 1526 1096 1583 445

107 1598 225 1659 Diversi
238 1609 372 1678 rumpent
384 1600 467 1675 radii,
481 1607 530 1658 out
543 1600 593 1659 ubi
605 1600 714 1679 pallide
724 1607 824 1678 surget

107 1678 229 1736 Tithoni
242 1697 376 1737 croceum
389 1678 523 1755 linquens
536 1681 648 1738 Aurora
661 1678 776 1752 cubile3

108 1755 196 1813 Heu!
218 1754 294 1813 male
308 1763 370 1814 tum
382 1755 467 1814 mites
481 1755 619 1815 defendet
651 1757 783 1834 ampinus
797 1774 877 1832 uvas,

108 1833 183 1892 Tam
197 1833 330 1893 multam
344 1843 428 1892 tectu
442 1841 585 1911 crepitans
599 1776 665 1894 subt
677 1833 794 1894 horrido
807 1835 924 1910 grando.

147 1913 214 1971 Hoc
228 1912 325 1987 enam,
340 1928 562 1989 emenso‘quum
573 1914 635 1991 jam
649 1911 773 1972 decedet
784 1911 922 1990 Olympo,
1034 1916 1095 1975 460

106 1988 251 2048 Profuerit
264 1991 431 2048 meminisse
445 1987 557 2067 megis3
578 2009 646 2049 nam
660 1988 737 2069 sepe
751 1991 883 2050 videmus

39 2119 49 2128 1
107 2067 202 2144 Ipsius
214 2068 246 2126 in
260 2069 340 2127 vultu
354 2069 449 2126 varios
463 2086 557 2126 errare
571 2069 702 2127 colores:
947 2069 949 2072 ’

106 2147 256 2205 Caeruleus
268 2147 397 2224 pluvium
408 2144 574 2222 denunties·
584 2147 687 2224 igneus
699 2165 795 2206 euros.

108 2224 159 2283 Sin
174 2225 295 2283 maculae
307 2225 449 2301 incipient
461 2225 546 2283 rutilo
559 2226 749 2284 immiscerier
761 2225 832 2302 igni,

107 2303 214 2361 Omnia
226 2312 296 2362 tunc
308 2303 415 2380 puriter
427 2311 516 2361 vento
530 2303 693 2381 nimbisque
707 2303 821 2362 videbis
1030 2311 1093 2366 455

105 2381 249 2441 Fervere:
271 2401 329 2439 non
343 2381 394 2439 tut
408 2382 559 2458 quisquam
572 2400 619 2439 me
632 2389 718 2440 nocte
730 2401 784 2458 per
796 2382 887 2441 altum

107 2457 163 2534 Ire,
177 2479 273 2536 neque
288 2479 304 2517 o
317 2461 392 2518 berni
405 2468 523 2517 moneat
535 2459 698 2518 convellere
710 2459 820 2518 funem.
1006 2522 1010 2533 ,

105 2537 147 2593 At
160 2537 194 2610 si,
208 2556 297 2613 quum
312 2536 573 2613 referetque'diem,
587 2539 750 2613 condetque
763 2538 895 2614 relatum,

106 2615 235 2671 Lucidus
249 2613 325 2671 orbis
340 2614 412 2684 erit;
433 2614 536 2671 frustra
549 2615 693 2673 tenebere
706 2614 823 2691 nimbis,

106 2691 149 2749 Et
163 2691 239 2748 claro
254 2691 341 2748 silvas
354 2706 457 2747 cernes
471 2690 604 2766 oquilune
617 2693 737 2749 moveri.
920 2736 923 2740 -
1031 2699 1092 2754 460

106 2769 253 2846 Denique,
268 2767 338 2846 quid
351 2768 467 2844 Vesper
480 2785 560 2826 serus
572 2768 669 2844 vehat,
684 2767 763 2832 unde
776 2786 894 2828 serenes

107 2847 223 2905 Ventus
238 2855 303 2922 aget
315 2845 417 2921 nubes,
432 2846 503 2923 quid
516 2846 623 2922 cogitet
636 2845 774 2904 humidus
787 2848 903 2922 Auster,

109 2926 159 2984 Sol
173 2926 226 2983 tibi
240 2926 323 3000 signa
336 2922 424 2983 dabit
467 2924 567 2982 Solem
581 2925 646 3001 quis
660 2925 756 2982 dicere
770 2915 874 2983 fulsum

106 3004 247 3063 Audeat?
269 3003 319 3061 ille
333 3003 421 3061 etiam
433 3021 528 3061 cecos
542 3003 649 3061 instare
663 3002 802 3062 tumultus
1033 3072 1034 3075 Ἴ

108 3079 193 3158 Seps
207 3089 314 3154 monet,
328 3081 518 3158 fraudemque
532 3089 562 3140 et
575 3089 674 3159 opertu
687 3089 847 3140 tumescere
861 3079 946 3139 bellu
1032 3084 1091 3141 465

147 3159 201 3218 Ille
215 3161 302 3218 etiam
317 3160 460 3218 exstincto
476 3159 625 3218 miseratus
640 3160 756 3219 Gaesore
770 3159 909 3235 Romam,

108 3238 207 3310 Quum
221 3245 307 3315 caput
320 3237 442 3295 obscuri
456 3239 580 3296 nitidum
592 3237 738 3313 ferrugine
750 3237 833 3312 texit,

106 3316 259 3392 Impiaque
273 3323 409 3373 {eternam
421 3315 581 3375 timuerunt
594 3315 700 3374 seculo
712 3324 828 3374 noctem
840 3333 847 3371 z

107 3393 253 3469 Tempore
267 3409 429 3470 quanquam
440 3394 493 3451 ‘illo
506 3394 594 3466 tellus
607 3410 723 3471 quoque
737 3402 766 3452 et
779 3408 896 3470 {equora
909 3392 1000 3469 ponti,

109 3471 304 3547 Obscoenique
318 3487 416 3546 111111,
428 3473 661 3549 imporwnoeque
674 3470 816 3545 volucres,
1004 3481 1007 3486 ’
1028 3471 1092 3528 470

110 3550 200 3626 Signo
212 3549 326 3607 dabant.
367 3549 490 3620 Quoties
504 3551 666 3627 Cyclopum
681 3548 820 3607 effervere
835 3548 865 3605 in
880 3567 962 3623 agros

108 3628 245 3686 Vidimus
258 3628 416 3685 undantem
429 3629 519 3704 ruptis
533 3628 697 3686 fornacibus
711 3627 842 3700 AEtnam,

75 3774 84 3788 x
108 3705 363 3789 Flammarumqne
377 3703 488 3784 globos,
501 3705 711 3787 liquefactaque
724 3704 845 3763 volvere
855 3701 948 3762 saxei
