2400 4178
510 220 723 281 renouari

544 432 686 480 mune.

120 499 202 564 Ante
215 502 297 562 leves
311 520 378 578 ergo
392 507 547 579 pascentur
559 499 591 558 in
605 499 713 568 aetbere
726 500 816 580 cervi,

122 580 166 642 Et
177 581 251 640 freta
263 581 421 640 destituent
432 579 527 638 nudos
540 578 570 636 iu
584 579 678 637 littore
691 577 804 656 pisces;

122 657 213 736 Ante,
226 659 378 737 pererratis
393 659 543 717 emborum
556 657 673 733 finibus,
688 658 771 716 exsul

122 739 184 797 Aut
196 737 310 796 Ararim
323 737 447 796 Parthus
459 737 551 815 bibet,
566 745 615 795 aut
629 736 787 796 Germania
800 736 922 817 Tigrim,
1005 788 1008 793 .

125 814 225 888 Quum
237 825 336 875 nostro
346 817 423 875 illius
436 816 549 875 labatur
561 823 678 895 pectore
692 816 799 893 vultus.

527 957 700 996 sanaremus·

123 1020 165 1076 At
177 1036 231 1075 nos
244 1017 313 1075 binc
327 1016 376 1075 olii
390 1018 520 1077 sitientes
533 1017 640 1076 ibimus
653 1017 756 1091 Afros,

124 1097 195 1155 Pars
211 1096 369 1174 Scythiam,
385 1105 414 1155 et
427 1097 558 1174 rapidum·
572 1097 668 1155 Creta
683 1096 837 1154 veniemus
850 1096 974 1173 Oaxcm,

125 1176 166 1234 Et
177 1172 294 1252 penitus
307 1183 367 1235 toto
382 1177 488 1234 divisos
503 1176 571 1233 orbe
586 1176 750 1234 Britannos.

125 1254 184 1329 En,
198 1273 326 1331 unquam
339 1253 445 1330 patrios
459 1253 546 1328 longo
559 1252 626 1329 pbst
639 1264 770 1330 tempore
783 1252 867 1328 lines,

124 1333 264 1409 Pauperis
279 1342 308 1391 et
321 1331 416 1408 tuguri
429 1331 723 1407 congestum-cespite
738 1331 863 1406 culmen,

125 1412 196 1470 Post
210 1411 327 1487 aliquot,
342 1430 409 1469 mea
421 1430 510 1487 regua
522 1410 635 1483 videns,
650 1409 774 1469 mirabor
788 1410 908 1468 aristas?

126 1490 237 1567 Impius
251 1489 314 1548 haec
328 1497 386 1547 tam
401 1490 478 1548 culta
491 1489 606 1547 novalia
619 1488 703 1546 miles
716 1487 856 1547 habebit?

125 1569 269 1627 Barbarus
283 1568 335 1626 has
349 1572 482 1644 segetes?
524 1568 583 1643 En,
600 1564 656 1646 qud
672 1568 816 1626 discordia
829 1567 908 1625 cives

124 1646 266 1706 Perduxit
279 1646 415 1704 miseros!
457 1648 516 1721 En,
531 1647 612 1723 queis
627 1646 810 1705 consevimus
824 1648 924 1721 agros!

95 1798 103 1805 ·
126 1726 227 1785 lusere
239 1744 327 1801 nuuc,
342 1724 493 1799 Meliboee,
508 1725 601 1801 piros!
623 1744 701 1801 pone
715 1725 815 1799 ordine
829 1726 919 1782 vites!

165 1805 210 1863 lte
225 1824 307 1880 meae,
322 1803 393 1872 felix
407 1803 552 1880 quondam
565 1822 665 1879 pecus,
679 1803 730 1878 ite,
744 1802 881 1879 capellae:

124 1882 156 1943 N
157 1903 195 1942 on
209 1902 263 1959 ego
276 1902 329 1941 vos
343 1882 478 1959 posthac,
488 1882 573 1939 viridi
587 1883 732 1959 projectus
746 1881 776 1938 in
791 1889 883 1955 antro,

125 1962 256 2020 Dumosi
270 1961 397 2038 pendere
411 1961 510 2037 procul
525 1961 562 2018 de
575 1978 647 2037 rupe
660 1957 784 2018 videbo:

126 2040 262 2098 Carmina
275 2039 356 2098 nulla
369 2057 488 2097 canam:
510 2059 579 2115 uon,
594 2058 641 2097 me
657 2046 804 2115 pascente,
819 2037 949 2116 capellae,

123 2119 292 2178 Florentem
306 2119 429 2195 cytisum
443 2127 472 2177 et
485 2119 588 2178 salices
602 2117 724 2196 carpetis
739 2135 856 2174 amaras.

543 2264 684 2304 urrunus.

125 2323 184 2382 Hic
198 2331 294 2382 tamen
309 2325 385 2384 banc
398 2344 513 2383 mecum
526 2333 641 2403 poteras
655 2323 835 2401 requiescere
848 2331 964 2382 noctem

124 2404 241 2462 Fronde
254 2422 341 2480 super
353 2403 456 2462 viridi:
477 2411 545 2462 sunt
557 2402 640 2461 nobis
655 2403 736 2461 mitia
748 2421 845 2479 poma,

125 2482 277 2541 Castaneae
291 2482 405 2558 molles,
420 2490 449 2540 et
462 2482 554 2559 pressi
568 2482 652 2559 copia
664 2480 764 2538 lactis:

125 2560 166 2619 Et
175 2563 237 2639 jam
253 2580 365 2618 summa
377 2561 478 2637 procul
491 2561 625 2619 villarum
639 2559 767 2616 culmina
779 2557 902 2634 fumant,

74 2684 81 2692 .
102 2678 111 2699 .
125 2639 310 2720 Majoresque
324 2639 432 2697 cadunt
445 2636 509 2696 altis
523 2639 560 2696 de
574 2637 726 2696 montibus
736 2636 855 2695 umbrae.

452 2941 703 3018 ECLOGA
726 2940 788 3016 ΙΙ.

558 3094 678 3110 ῃ

553 3177 681 3226 ALEXIS.

123 3285 297 3355 Fonsrosuu
311 3278 408 3361 pastor
421 3280 558 3358 Corydon
573 3279 691 3339 ardebat
702 3277 822 3354 Alexin,

124 3363 254 3423 Delicias
269 3361 397 3435 domini3
418 3379 483 3437 nec,
499 3361 568 3436 quid
582 3367 717 3436 speraret,
732 3356 866 3422 habebat.

86 3513 88 3516 y
124 3439 253 3502 Tantum
266 3441 341 3499 inter
355 3441 469 3515 denses,
483 3439 619 3497 umbrosa
632 3436 792 3512 cacumina,
806 3436 887 3513 fagos

123 3517 251 3582 Assidue
265 3517 419 3580 veniebat:
440 3518 482 3577 ibi
495 3517 559 3576 baec
572 3517 720 3576 incondita
733 3515 812 3574 solus

125 3599 278 3661 Montibus
292 3605 321 3657 et
334 3597 414 3656 silvis
427 3596 522 3656 studio
533 3596 661 3675 jactabat
673 3595 774 3653 inani:

162 3679 192 3739 Ο
206 3675 331 3736 crudelis
343 3676 442 3752 Alexi,
456 3674 530 3734 nihil
544 3694 610 3734 mea
622 3673 749 3733 carmina
762 3690 864 3745 curas;

125 3758 157 3818 N
158 3757 178 3818 il
192 3755 282 3818 nostri
295 3754 450 3830 miserere3
471 3753 545 3815 mori
557 3772 606 3813 me
618 3752 745 3830 denique
758 3751 865 3829 coges!
