2400 4178
527 198 643 257 LIBER
661 201 684 255 1.

113 348 181 407 Hac
194 349 336 426 Phryges,
350 348 470 407 instaret
482 367 567 406 curru
580 349 711 408 cristatus
724 348 864 411 Achilles.

113 427 145 486 N
146 446 180 485 eo
194 428 295 504 procul
308 428 377 485 hinc
390 427 484 486 Rhesi
499 427 592 485 niveis
606 428 728 485 tentoria
740 428 814 486 velis

112 505 256 580 Agnoscit
268 506 437 582 lacrymans,
452 505 545 582 primo
559 525 624 583 qum
637 506 750 583 prodita
763 526 865 566 somno
1036 510 1098 567 470

113 582 244 659 Tydides
258 585 348 642 multi
361 584 492 643 vastabat
505 585 586 642 caede
599 593 753 657 cruentus;

112 663 314 739 Ardentesque
329 664 433 722 avertit
447 682 536 740 equos
550 663 580 720 in
594 670 694 738 castra,
708 660 788 740 priris
801 660 888 739 quim

112 739 224 804 Pabula
237 741 401 816 gustissent
414 743 521 822 Trojae,
535 742 744 819 Xanthumque
757 742 908 801 bibissent.

112 818 199 877 Parte
214 820 269 877 alis
283 819 396 896 fugiens
411 821 522 879 amissis
536 821 653 878 Troilus
668 821 762 895 armis,
793 871 797 879 ,

113 896 221 954 Infelix
234 918 315 975 puer,
330 907 415 975 atque
429 900 522 976 impar
535 918 704 975 congressus
717 898 836 973 Achilli,
865 929 869 936 ·
1035 902 1097 960 475

112 975 216 1053 Fertur
229 978 321 1053 equis,
336 997 477 1053 curruque
491 977 583 1034 haeret
597 977 747 1054 resupinus
760 977 850 1051 inani,

112 1055 189 1111 Lora
202 1063 305 1113 tenens
319 1065 435 1114 tamen:
457 1054 525 1113 huic
540 1055 696 1130 cervixque
710 1073 859 1131 comaeque
872 1055 1023 1115 trahuntur

113 1131 170 1188 Per
183 1140 341 1208 terram,·et
353 1133 437 1191 versi
450 1132 547 1211 pulvis
560 1133 724 1192 inscribitur
738 1133 830 1192 hasti.

114 1210 230 1267 Interea
244 1211 280 1267 ad
294 1211 434 1288 templum
445 1220 505 1269 'non
521 1231 610 1288 aequae
624 1212 751 1269 Palladis
764 1213 846 1270 ibant

114 1286 250 1346 Crinibus
265 1289 370 1347 Iliades
383 1290 485 1366 passis,
498 1290 676 1366 peplumque
691 1289 827 1359 serebant.
1035 1295 1097 1349 480

115 1367 290 1444 Suppliciter
303 1369 408 1443 tristes,
423 1377 453 1426 et
465 1377 557 1427 tunsae
571 1377 689 1444 pectora
700 1368 813 1444 palmis.
889 1383 896 1393 '
1179 1395 1184 1404 ·

112 1446 190 1503 Diva
204 1447 265 1514 solo
279 1448 353 1505 fixos
367 1447 466 1505 oculos
481 1466 581 1505 aversa
595 1447 719 1505 tenebat.

113 1524 173 1582 Ter
187 1526 295 1583 circum
310 1527 414 1584 Iliacos
427 1534 587 1603 raptaverat
601 1526 728 1583 Hectora
741 1544 848 1600 muros,

113 1603 350 1680 Exanimumque
364 1624 431 1663 auro
446 1623 548 1681 corpus
562 1605 707 1677 vendebat
720 1604 868 1662 Achilles.-

113 1680 190 1739 Tum
204 1680 274 1739 verb
288 1683 436 1758 ingentem
449 1683 588 1758 gemitum
604 1683 652 1740 dat
664 1691 781 1758 pectore
796 1683 831 1739 ab
846 1683 915 1759 imo,
951 1702 961 1710 ‘
1034 1687 1094 1740 485

112 1759 155 1818 Ut
166 1760 269 1836 spolia,
283 1769 316 1819 ut
329 1780 437 1835 currus,
451 1769 539 1836 utque
554 1761 650 1836 ipsum
664 1779 766 1836 corpus
781 1761 876 1836 amici,

113 1836 352 1915 Tendentemque
366 1858 469 1897 manus
482 1838 629 1895 Priamum
644 1839 796 1915 conspexit
809 1840 943 1896 inermes.

113 1917 152 1973 Se
167 1936 280 1992 quoque
294 1918 472 1994 principibus
485 1917 660 1994 permixtum
675 1918 791 1991 agnovit
804 1917 933 1993 Achivis,

111 1995 247 2071 ansque
262 1998 347 2071 acies,
363 2004 393 2054 et
405 1996 479 2071 nigri
493 1995 662 2052 Memnonis
676 2014 763 2053 arma.

110 2074 201 2132 Ducit
214 2077 426 2133 Amazonidum
440 2075 545 2132 lunatis
560 2075 674 2149 agmina
687 2075 771 2150 peltis
1033 2079 1095 2132 490

110 2153 297 2212 Penthesilea
310 2155 416 2229 furens,
431 2155 595 2229 mediisque
606 2153 636 2210 in
646 2153 777 2211 millibus
792 2152 881 2228 ardet,
1124 2180 1128 2188 ·

110 2234 207 2290 Aurea
220 2233 393 2292 subnectens
407 2242 528 2291 exsertse
542 2233 657 2308 cingula
670 2251 804 2289 mammae

110 2309 260 2386 Bellatrix,
275 2313 419 2389 audetque
432 2312 500 2369 viris
515 2330 683 2369 concurrere
696 2312 786 2386 virgo.

78 2438 82 2444 .
149 2390 224 2447 Haec
238 2392 306 2448 dum
320 2390 467 2448 Dardanio
482 2391 587 2447 AEneae
602 2390 732 2447 miranda
744 2390 887 2463 videntur,

110 2466 189 2523 Dum
203 2475 308 2545 stupet,
323 2469 480 2543 obtutuque
494 2468 585 2526 haeret
598 2468 710 2525 defixus
724 2468 755 2524 in
769 2486 837 2540 uno,
1032 2470 1091 2525 495
1166 2480 1169 2486 ·

109 2544 225 2617 Regina
233 2547 272 2602 ad
288 2546 438 2620 templum,
453 2546 545 2602 forms
557 2545 759 2621 pulcherrima,
775 2545 853 2601 Dido

110 2622 242 2693 Incessit,
257 2623 362 2696 magnai
371 2624 514 2698 juvenum
528 2623 650 2697 stipante
664 2623 786 2679 catervi.

111 2699 213 2769 Qualis
227 2701 257 2756 in
272 2701 390 2759 Eurotae
405 2699 474 2775 ripis
488 2706 537 2756 aut
549 2718 601 2774 per
611 2701 683 2776 juga
696 2699 805 2774 Cynthi

110 2777 239 2836 Exercet
252 2778 350 2836 Diana
363 2779 485 2848 choros;
507 2796 593 2853 quam
607 2777 686 2834 mille
700 2784 806 2834 secutae

109 2855 188 2913 Hine
203 2865 288 2933 atque
302 2856 371 2915 hinc
384 2857 578 2932 glomerantur
592 2855 738 2928 Oreades3
760 2855 810 2912 illa
822 2855 986 2931 pharetram
1032 2861 1092 2917 500

108 2935 179 2993 Fert
191 2934 321 3010 humero,
335 2936 526 3012 gradiensque
540 2935 609 2992 deas
624 2934 819 3011 supereminet
832 2953 953 2992 omnes:

109 3014 228 3072 Latonae
242 3015 360 3074 tacitum
373 3021 538 3090 pertentant
551 3014 655 3088 gaudia
667 3022 776 3091 peetus.

109 3091 188 3150 Talis
203 3101 263 3151 erat
276 3094 365 3169 Dido,
379 3093 466 3151 talem
481 3111 512 3150 se
526 3092 594 3150 laeta
606 3092 715 3150 ferebat

109 3167 166 3227 Per
179 3172 299 3245 medios,
314 3172 424 3232 instans
438 3172 519 3248 operi
533 3171 685 3247 regnisque
699 3170 810 3228 futuris.

109 3248 186 3306 Tum
200 3248 308 3307 foribus
323 3250 408 3324 divae,
424 3250 520 3308 medii
534 3250 678 3308 testudine
692 3249 802 3325 templi,
1030 3254 1091 3307 505

110 3327 199 3402 Septa
212 3329 298 3403 armis
312 3328 441 3405 solioque
456 3326 512 3387 alte
528 3329 660 3412 subnisa,
675 3328 790 3386 resedit

107 3404 177 3463 Jura
190 3404 276 3483 dabat
289 3407 424 3484 legesque
437 3407 515 3481 viris,
530 3404 847 3483 operumque-laborem

108 3481 242 3540 Partibus
257 3483 387 3559 aequabat
396 3486 494 3563 justis,
509 3494 557 3544 aut
570 3495 646 3545 sorte
659 3485 806 3544 trahebat:
858 3497 865 3508 ·

109 3561 209 3632 Quum
223 3559 318 3620 subito
332 3561 443 3621 AEneas
457 3582 597 3622 concursu
612 3566 750 3623 accedere
764 3582 869 3637 magno
1091 3595 1094 3602 ·

108 3639 235 3713 Anthea,
252 3641 475 3717 Sergestumque
488 3643 577 3718 videt,
591 3643 750 3718 fortemque
765 3640 951 3717 Cloanthum,
976 3700 980 3705 .
1031 3647 1090 3700 510

108 3719 347 3795 Teucrorumque
360 3718 442 3795 alios,
456 3728 516 3778 ster
529 3740 600 3798 quos
614 3740 730 3797 aequore
743 3719 826 3778 turbo

107 3796 283 3877 Dispulerat,
298 3791 557 3878 penitusque-alias
570 3808 707 3859 avexerat
720 3817 793 3858 oras.
