2400 4178
514 208 631 266 LIBER
649 208 687 264 ll.

105 355 216 434 Sparge
229 357 298 416 fimo
311 358 422 437 pingui,
437 366 467 417 et
480 359 570 418 mule
584 376 696 417 memor
707 359 812 417 occule
824 360 919 418 terre:

106 436 169 492 Ant
181 434 308 511 lapidem
319 436 464 511 bibulum,
479 445 529 494 eut
542 438 705 512 squalentes
718 436 817 494 infode
831 435 976 510 conchas3

107 513 187 570 Inter
201 513 279 570 enim
292 513 425 571 labentur
439 532 531 589 aquae,
545 515 699 590 tenuisque
713 512 821 573 subibit

106 589 234 665 Halitus,
249 598 335 667 atque
349 593 460 649 animos
473 592 576 649 tollent
589 599 668 650 sata:
686 593 805 668 jamque
818 592 928 670 reperti·
1031 595 1091 650 350

105 667 168 738 Qui
182 687 252 725 sexo
266 687 352 744 snper
366 676 450 744 atque
464 669 588 744 ingentis
601 669 729 746 pondere
744 677 826 728 teste

95 745 270 820 ,Urgerent;
291 745 347 803 hoc
361 745 469 804 effusos
483 747 635 803 munimen
650 747 686 804 ad
699 747 826 819 imbres,

107 823 183 898 Hoc,
198 823 248 880 ubi
262 824 361 880 hiulca
373 824 421 881 siti
434 825 518 882 findit
529 825 620 882 Canis
635 823 740 883 aestifer
754 843 829 883 erve

147 901 312 959 Seminibus
325 902 436 977 positis,
452 911 582 979 superest
595 903 740 960 deducere
753 909 857 960 terram

94 976 222 1055 ,Saepius
237 979 273 1036 ed
287 979 390 1054 capite,
405 988 435 1037 et
447 981 534 1036 duros
543 982 653 1057 jactare
666 980 818 1053 bidentes;

107 1057 169 1113 Aut
181 1075 280 1132 presso
295 1069 431 1114 exercere
446 1057 538 1114 solnm
553 1057 607 1114 sub
621 1076 748 1131 vomere,
764 1065 793 1116 et
806 1058 869 1135 ipsa
928 1096 930 1101 ·

107 1133 240 1191 Flectere
254 1132 397 1191 luctantes
410 1135 484 1192 inter
497 1134 594 1192 vineta
603 1137 767 1213 juvencos:
852 1134 853 1139 ’

108 1211 186 1267 Tum
199 1211 279 1268 leves
294 1211 429 1285 calamos,
439 1220 474 1274 ‚et
486 1230 557 1268 rasae
571 1211 686 1270 hastilia
697 1213 796 1288 virge,

108 1287 325 1363 Fraxineasque
338 1295 435 1364 aptare
449 1289 545 1364 sudes,
558 1289 709 1365 furcasque
721 1289 864 1365 bicornes,
951 1325 956 1334 ·

108 1365 227 1423 Viribus
241 1366 312 1423 eniti
326 1385 456 1442 querum,
472 1373 501 1423 et
514 1374 700 1434 contemnere
713 1376 815 1425 ventos

108 1445 294 1519 Assuescant,
309 1462 495 1522 summasque
509 1444 592 1520 sequi
605 1443 734 1502 tabuleta
745 1463 798 1522 per
810 1444 915 1502 ulmos.
975 1516 978 1523 ι

147 1523 203 1596 Ac,
218 1522 289 1579 dum
302 1522 395 1598 prima
408 1522 491 1580 novis
506 1521 645 1580 adolescit
657 1521 806 1580 frondibus
821 1530 907 1596 setes,

108 1599 290 1657 Parcendum
304 1600 429 1658 teneris:
453 1607 482 1658 et
495 1599 565 1657 dum
580 1619 610 1657 se
624 1600 708 1657 laetus
721 1601 756 1658 ad
772 1619 854 1658 auras

109 1677 227 1734 Palmes
241 1677 309 1752 agit,
323 1677 397 1734 lexis
410 1697 462 1753 per
474 1697 578 1753 purum
591 1678 743 1736 immissus
753 1677 883 1752 habenis,

110 1753 179 1829 lpsa
192 1754 253 1812 scie
267 1754 395 1813 nondum
409 1755 490 1812 salcis
504 1756 659 1827 tentande;
672 1757 732 1813 sed
746 1757 830 1813 uncis

108 1832 271 1907 Carpendee
284 1832 417 1889 manibus
430 1832 555 1907 frondes,
569 1833 700 1908 interque
713 1831 854 1908 legende.

36 1954 41 1962 .
110 1909 184 1967 Inde
196 1909 248 1967 ubi
257 1912 320 1989 jam
332 1910 435 1967 validis
450 1910 591 1986 amplexae
606 1911 642 1967 sti
676 1909 741 1967 ibus
754 1910 848 1968 ulmos
870 1935 873 1941 ¹

109 1987 254 2062 Exierint,
268 1996 330 2045 tum
343 1988 450 2064 stringe
464 2006 571 2062 comas,
585 1996 646 2046 tum
680 1987 778 2045 rechia
790 1989 897 2060 tonde;

110 2061 190 2123 Ante
205 2065 390 2124 reformident
402 2065 526 2124 serrem:
548 2073 610 2138 tum
624 2066 749 2143 denique
763 2066 835 2125 dura

109 2143 226 2202 Exeroe
239 2143 368 2221 imperia,
383 2153 412 2202 et
426 2163 519 2202 remos
533 2162 685 2220 compesce
698 2143 830 2202 fluentes.

92 2264 95 2270 ·
148 2222 299 2280 Texendae
314 2240 397 2299 sepes
412 2223 510 2299 etiem,
525 2231 555 2280 ct
567 2241 656 2299 pecus
670 2238 757 2280 omne
770 2220 937 2295 tenendum,

102 2297 260 2377 'Praecipnc
275 2300 343 2359 dum
357 2300 435 2361 srons
448 2310 548 2359 tenera
560 2300 784 2378 imprudensque
797 2299 946 2358 laborum:

110 2377 177 2452 Cui,
192 2397 278 2456 super
290 2379 423 2453 indignes
437 2378 560 2454 hiemes,
574 2379 722 2454 solemque
735 2385 894 2454 potentem,

112 2455 263 2514 Silvestres
277 2457 321 2514 uri
334 2453 448 2514 assidue
464 2474 632 2532 cepreaeqne
646 2474 784 2532 sequaces

112 2532 260 2605 llludunt;
280 2541 437 2609 poscuntur
450 2552 528 2607 oves,
542 2535 693 2609 avideque
703 2536 848 2610 juvence.

111 2610 231 2685 Frigora
243 2628 298 2667 nec
311 2607 424 2667 tentum
437 2610 510 2665 conia
523 2620 657 2669 concrete
669 2610 781 2686 pruine,

111 2691 173 2760 Ant
185 2685 463 2763 gravis‘iucnmbens
477 2687 602 2763 scopulis
617 2687 869 2759 arentibus'aestas,

113 2761 262 2837 Quantum
276 2764 319 2821 illi
332 2761 458 2820 nocuere
472 2781 583 2839 greges,
598 2764 719 2839 durique
731 2781 877 2820 venenum

112 2844 227 2920 Dentis,
242 2851 272 2901 et
285 2843 416 2899 admorso
430 2842 542 2917 signeto
555 2841 585 2899 in
599 2841 686 2918 stirpe
700 2839 829 2898 cicatrix.

150 2923 220 2982 Non
235 2921 320 2979 aliam
335 2920 372 2977 ob
386 2919 501 2997 culpem
516 2919 632 2978 Baccho
647 2937 732 2995 ceper
745 2916 878 2976 omnibus
892 2916 948 2975 aris
990 2958 994 2963 -

111 3001 250 3075 Caeditur,
265 3008 295 3057 et
307 3007 422 3057 veteres.
434 2999 535 3056 ineunt
547 2997 699 3075 proscenia
708 2994 791 3068 ludi;

112 3079 293 3154 Praemiaque
306 3076 441 3172 ingeniis,
455 3095 545 3152 pagos
557 3083 588 3135 et
601 3075 726 3152 compita
738 3074 856 3150 circum,

113 3157 250 3216 Thesidae
264 3174 397 3248 posuere,
413 3162 498 3230 atque
512 3153 703 3288 interpocula
714 3152 775 3212 leti

113 3234 253 3294 Mollibus
266 3254 297 3291 rn
310 3233 398 3311 pratis
412 3240 514 3290 unctos
528 3233 590 3290 salu
608 3250 639 3288 re
652 3250 705 3308 per
717 3238 804 3290 utres.

113 3314 251 3373 Necnon
265 3312 397 3385 Ausonii,
412 3311 502 3389 Trojb
515 3329 586 3387 gens
599 3309 696 3385 missa,
711 3308 806 3367 coloni

113 3391 254 3451 Versibus
267 3389 421 3466 incomptis
434 3389 546 3466 ludunt,
560 3389 677 3464 risuque
689 3387 792 3460 soluto,

115 3470 230 3546 Oraque
244 3467 398 3527 corticibus
412 3475 529 3526 sumunt
540 3465 683 3524 horrenda
696 3464 821 3523 cavatis:
898 3481 901 3488 ·

115 3548 156 3606 Et
168 3555 207 3621 te,
221 3546 348 3622 Bacche,
362 3554 468 3604 vocent
480 3563 532 3622 per
545 3544 672 3603 cermine
684 3543 760 3616 laete,
774 3541 885 3617 tibique

115 3625 226 3684 Oscills
239 3643 277 3683 ex
290 3625 347 3683 alte
361 3625 541 3700 suspendunt
554 3621 654 3680 mollio
666 3621 746 3696 pinu.
792 3632 798 3645 ¹

114 3704 195 3762 Hinc
209 3703 303 3763 omnis
315 3702 394 3778 largo
408 3702 542 3779 pubescit
553 3700 640 3758 vinea
652 3698 741 3768 soetu3
