2370 4176
93 178 132 239 68
440 172 726 232 GEORGIGORUM

95 322 217 400 Belgica
229 323 277 382 vel
291 322 372 383 molli
384 321 489 384 melius
502 323 575 382 ieret
588 321 691 381 essedo
703 321 788 381 collo.

94 398 173 460 Tum
188 404 305 461 demum
320 401 416 460 crassi
429 420 567 478 magnum
579 401 840 477 iurruginecorpus
1018 407 1078 462 20⁶

95 480 235 539 Crescere
244 483 307 560 jam
320 478 437 538 domitis
451 480 555 552 sinito;
575 496 701 555 namque
715 486 781 537 unte
794 477 972 537 domandum
1056 495 1064 506 ·

96 559 233 634 Ingentes
247 559 349 618 tollent
359 557 489 630 animos3
509 557 666 634 prensique
680 557 828 632 negabunt

94 636 225 696 Verbera
236 637 316 696 lenta
327 635 398 713 pati,
412 643 442 693 et
455 635 533 693 (luds
541 652 644 712 parere
657 634 773 711 lupatis.

95 778 98 783 ,
134 716 193 774 Sed
207 734 265 773 non
279 714 339 773 ulla
352 710 444 789 mugIs
457 714 533 771 vires
546 712 687 789 industria
699 712 803 787 firmet,

95 790 193 864 Quem
208 792 355 850 Venerem
369 800 399 850 et
412 791 486 849 caeci
499 791 631 871 stimulos
645 798 773 849 avertere
784 791 898 866 amoris,
1017 797 1076 850 210

95 873 164 929 Sive
177 871 276 946 boum,
291 870 352 928 sive
366 879 410 927 est
423 869 472 926 cui
485 869 589 944 gratior
602 887 673 926 usus
686 886 838 945 equorum.

93 952 191 1025 Atque
205 949 271 1006 ideo
285 957 381 1006 tauros
394 947 496 1023 procul
511 955 596 1023 atque
610 947 640 1004 in
655 947 717 1004 sola
729 947 859 1022 relegunt

93 1028 217 1100 Pascua,
230 1035 296 1104 post
310 1035 439 1084 montem
451 1026 628 1103 oppositum,
642 1033 672 1082 et
685 1032 762 1083 bans
772 1024 894 1085 flumine
905 1026 980 1100 lctu3

93 1109 154 1174 ,but
167 1106 244 1162 intus
258 1105 372 1179 clausos
386 1112 482 1162 satura
495 1104 531 1162 ed
544 1103 687 1179 prresepia
699 1112 821 1162 servant

93 1183 194 1261 Carpit
208 1183 286 1240 enim
300 1183 376 1240 vires
386 1182 538 1258 paulatim,
554 1183 671 1257 uritque
683 1181 820 1257 videndo,
1018 1187 1077 1240 215

93 1261 236 1336 Foeminu,
250 1279 305 1318 nec
319 1279 470 1318 nemorum
483 1259 591 1336 patitur
603 1259 770 1317 meminisse
782 1277 839 1319 nec
851 1259 959 1318 herbe.

94 1338 238 1397 Dulcibus
252 1339 301 1396 illa
314 1339 433 1416 quidem
447 1337 591 1396 illecebris
604 1346 634 1396 et
647 1334 727 1413 saepe
741 1337 882 1414 superbos

94 1417 239 1474 Cornibus
253 1417 329 1474 inter
341 1435 373 1474 se
381 1415 496 1491 ,subigit
508 1416 665 1473 decernere
679 1423 817 1473 ementes.

94 1493 228 1552 Pascitur
240 1495 270 1551 in
285 1494 389 1570 magni
403 1493 476 1551 silvi
489 1493 614 1552 formosa
622 1495 769 1570 juvenca:
840 1512 844 1518 ·

95 1572 142 1629 Illi
157 1571 328 1630 alternantes
342 1570 434 1629 mults
447 1570 478 1626 vi
490 1569 593 1647 proelia
606 1571 731 1628 miscent

94 1649 273 1707 Vulneribus
287 1647 411 1721 crebris;
431 1648 504 1706 levit
514 1655 576 1706 uter
588 1666 708 1724 corpora
721 1651 848 1725 sanguis,
886 1682 891 1690 ·

95 1726 247 1802 Verseque
260 1727 291 1783 in
305 1726 427 1784 obnixos
440 1736 578 1802 urgentur
591 1745 700 1785 cornua
712 1736 793 1785 vasto
977 1779 979 1784 .
1070 1784 1074 1791 ,

95 1804 173 1864 Cum
187 1805 297 1881 gemitu
310 1825 316 1862 :
338 1804 459 1862 reboant
471 1805 610 1880 silvreque
624 1812 654 1862 et
667 1805 770 1881 longus
783 1805 936 1882 Olympus.

95 1883 162 1941 Nec
176 1902 238 1940 mos
251 1882 392 1941 bellantes
406 1883 464 1940 uni
478 1883 638 1956 stabulare3
659 1885 711 1941 sed
725 1883 798 1942 alter
920 1944 924 1952 ,

96 1960 200 2019 Victus
214 1961 282 2037 abit,
296 1957 441 2036 longeque
455 1961 562 2036 ignotis
575 1961 675 2021 exulat
687 1963 756 2036 oris,

96 2038 193 2096 Multa
206 2058 327 2114 gemeus
340 2039 539 2114 ignominiam,
549 2038 708 2117 fingasque
722 2039 840 2115 superbi

95 2115 232 2191 Victoris,
247 2125 309 2174 tum
322 2134 396 2191 quos
408 2114 505 2173 emisit
515 2112 626 2174 inultus
638 2135 768 2189 amores3

96 2194 138 2251 Et
150 2193 262 2252 stabula
275 2194 447 2269 adspectans
460 2192 556 2268 regnis
570 2194 696 2251 excessit
709 2194 803 2252 avitis.

96 2271 176 2345 Ergo
190 2271 269 2328 omni
282 2271 439 2328 curri-vires
454 2278 579 2346 exercet,
594 2279 624 2329 et
637 2271 726 2328 inter·

96 2349 178 2405 Dura
186 2352 267 2426 jacet
278 2343 389 2424 pernox
403 2348 520 2422 instrato
535 2368 606 2406 saxa
618 2348 718 2423 cubiti,

96 2427 259 2484 Frondibus
273 2426 390 2484 hirsutis
404 2434 433 2484 et
446 2427 538 2485 carice
548 2435 647 2503 postus
661 2426 764 2485 acuti:

96 2504 138 2562 Et
150 2512 241 2562 tentat
254 2522 328 2578 sese,
343 2514 429 2580 atque
442 2505 527 2564 irasci
539 2505 570 2562 in
584 2524 692 2563 comus
704 2505 800 2580 discit,

95 2581 215 2639 Arboris
229 2581 353 2640 obnixus
364 2591 483 2656 trunc03
504 2594 666 2661 ventosque
675 2584 792 2643 lacessit

97 2658 216 2736 Ictibus,
231 2668 261 2718 et
274 2661 371 2738 sparsi
386 2661 422 2719 ad
435 2680 564 2738 pugnum
577 2663 706 2740 proludit
720 2663 815 2721 areni.

95 2733 176 2814 Pbst,
191 2739 242 2796 ubi
256 2738 412 2799 collectum
425 2740 512 2799 robur
524 2741 658 2818 viresque
672 2742 798 2815 relectse,

97 2816 187 2892 Signa
200 2827 306 2893 movet,
321 2837 512 2894 praecepsque
525 2819 647 2878 oblitum
659 2819 749 2876 fertur
760 2819 791 2875 in
805 2817 938 2874 hostem:
1050 2837 1053 2842 ·

96 2894 218 2952 Fluctus
231 2893 273 2952 uti
288 2897 385 2966 medio
399 2897 486 2972 coepit
499 2916 591 2972 quum
606 2896 752 2954 albescere
765 2903 869 2973 pontoq

96 2970 226 3047 Longiirs
240 2968 409 3048 ex‘altoque
423 2973 520 3030 sinum
535 2975 639 3046 trabit;
661 2981 761 3048 utque,
775 2971 890 3030 volutus

20 3115 24 3122 Ι
96 3049 143 3105 Ad
157 3057 255 3122 terras,
270 3047 397 3106 immane
413 3060 496 3108 sonat
508 3071 561 3127 per
574 3071 654 3126 saxa,
668 3060 764 3126 nequ'e
778 3050 843 3126 ipso

96 3125 199 3183 Monte
213 3127 307 3183 minor
320 3127 503 3203 procumbit;
525 3136 554 3186 at
567 3129 627 3187 imo
639 3135 780 3186 exaestuat
793 3128 871 3186 unda
1020 3133 1079 3187 240

96 3200 273 3279 verticibus,
288 3204 456 3281 nigramque
471 3202 527 3264 alte
543 3206 686 3282 subjectat
698 3224 825 3264 arenam.

44 3330 47 3335 ,
137 3282 231 3340 Omne
246 3279 317 3341 adeb
332 3301 423 3358 genus
437 3283 468 3340 in
481 3285 563 3342 terris
576 3283 797 3359 hominumque,
808 3284 999 3363 ferarumque,

96 3359 138 3418 Et
151 3380 243 3436 genus
257 3378 435 3436 aequoreum,
449 3363 588 3437 pecudes,
598 3362 746 3438 pictaeque
759 3362 901 3438 volucres,

97 3437 132 3495 In
145 3438 234 3500 furias
248 3440 405 3516 ignemque
418 3449 523 3498 ruunt:
546 3459 626 3498 amor
639 3440 774 3499 omnibus
788 3441 875 3500 idem.
975 3477 977 3481 >

97 3516 243 3593 Tempore
257 3538 315 3576 non
329 3519 386 3577 alio
396 3519 558 3590 catulorum
570 3517 659 3578 oblita
671 3518 766 3577 leaena
885 3535 888 3540 ·
912 3555 915 3559 >
1020 3522 1080 3577 245

62 3607 64 3612 '
99 3594 209 3652 Saevior
222 3597 325 3668 erravit
338 3596 467 3674 campis:
488 3616 544 3655 nec
558 3596 660 3654 funera
671 3595 770 3672 vulgo
1001 3620 1005 3624 >

97 3672 172 3730 Tam
186 3674 276 3737 mults
290 3675 427 3739 informes
441 3677 501 3737 ursi
514 3683 696 3752 stragemque
710 3672 818 3736 dedere
