2400 4178
156 264 159 269 Ι
317 196 331 205 -·
445 270 448 275 Ι
519 184 634 249 mann
653 186 702 239 rx.
805 268 812 290 ι
1029 174 1085 244 ms

109 334 185 415 scta
195 302 305 414 gerum
347 292 644 395 Instant-Mttestlicus
659 353 780 412 acerque
792 335 936 415 Serestus,
1029 350 1032 355 '

110 415 192 487 Quos
203 421 286 493 pater
299 410 419 491 AEneas,
433 412 585 492 siquando
596 415 718 473 adversa
730 424 876 491 vocarent,

107 493 248 553 Rectores
256 494 397 571 juvenum
410 500 440 552 et
452 510 547 552 rernm
561 493 641 552 dedit
654 511 717 551 esse
730 493 886 571 mafflstrcs

109 573 212 632 Omnis
225 591 279 650 per
291 591 387 631 muros
400 572 477 649 legio
491 572 589 631 sortita
600 572 740 649 periclum

97 650 254 727 Excubat,
266 659 438 728 exercetque
451 651 539 728 vices,
554 651 629 728 quod
644 652 749 729 cuique
761 653 900 712 tuendum
914 661 964 712 cst
1026 651 1084 713 irs

146 729 237 789 Nisus
251 739 311 788 erat
322 738 410 808 portae
426 738 529 806 custos,
545 730 697 788 acerrimus
709 731 804 807 armis}
854 732 855 735 ’
1035 748 1067 785 .’
1151 728 1156 737 ’

109 807 299 887 Hyrtacidcs;
321 809 456 868 comitem
469 809 675 887 AEneae-quem
689 810 805 869 miserat
818 811 871 872 Ida
954 860 975 891 a
1084 827 1088 833 ·

108 887 258 963 Venatrix,
268 882 367 967 jaculo
381 888 506 947 celerem
520 887 687 964 levibusque
701 887 828 964 sagittis:
949 896 952 901 '
973 896 989 903 ''

108 966 149 1036 Et
157 965 242 1045 juxti
256 986 352 1025 comes
367 966 519 1047 Euryalus,
534 985 590 1042 quo
601 966 748 1043 pulchrior
761 966 832 1025 alter

94 1045 177 1104 'Non
191 1045 245 1103 suit
257 1045 431 1119 AEneadirm,
447 1044 573 1122 Trojanq
583 1062 679 1120 neque
693 1045 786 1103 induit
800 1056 936 1128 arma3'
1028 1051 1083 1106 180
1157 1054 1177 1085 ·’

109 1123 167 1182 Ora
178 1142 250 1201 puer
262 1124 354 1200 primi
367 1124 483 1199 signans
494 1124 608 1181 intonsa
616 1124 745 1202 juventi.
812 1132 816 1139 ’
911 1141 916 1153 ·

108 1203 164 1260 His
179 1221 258 1261 amor
271 1220 345 1259 unus
359 1209 429 1276 erat,
442 1201 608 1279 pariterque
617 1203 647 1260 in
660 1201 737 1260 bella
750 1203 887 1279 ruebant;

109 1281 185 1339 Tum
199 1300 312 1360 quoqne
326 1280 472 1352 communi
484 1287 594 1359 portam
608 1281 728 1338 statione
742 1281 887 1341 tenebant

107 1359 198 1419 Nisus
212 1359 267 1420 ait:
289 1358 367 1418 Dine
381 1360 459 1423 hunc
473 1355 601 1418 ardorem
615 1359 759 1418 mentibus
773 1360 890 1439 addunt,

107 1440 255 1517 Euryale?
277 1459 313 1497 an
327 1448 381 1498 sua
394 1439 498 1516 cuique
512 1439 583 1497 deus
596 1439 629 1497 fit
642 1438 703 1496 dira
716 1439 842 1517 cupido?
1026 1446 1082 1500 185

107 1521 167 1578 Aut
179 1538 314 1597 pugnam,
330 1527 378 1578 aut
392 1518 498 1596 aliquid
507 1518 693 1597 jamdudum
707 1519 843 1578 invadere
857 1539 1003 1596 magnum,

108 1598 195 1657 Mens
210 1599 296 1674 agitat
309 1598 396 1671 mihi;
418 1616 473 1656 nec
506 1598 599 1656 lucidi
612 1605 746 1657 contenta
758 1599 856 1675 quiete
871 1607 924 1659 est,

108 1677 220 1761 Cernis,
235 1696 299 1754 quae
312 1676 437 1735 Rutulos
448 1617 554 1734 habeat
566 1677 672 1757 fiducia
685 1696 795 1735 rerum:

108 1756 233 1813 Lumina
245 1774 308 1813 rara
321 1756 446 1828 micant;
468 1774 568 1813 somno
581 1756 706 1831 vinoque
720 1756 823 1832 sepulti

108 1832 308 1907 Procubudre3
330 1834 415 1892 silent
427 1831 485 1891 late
498 1833 570 1890 loca
601 1833 732 1910 Percipe
745 1833 828 1911 porrd
1027 1843 1082 1896 190

110 1913 189 1984 Quid
203 1913 341 1990 dubitem,
357 1920 385 1970 et
399 1919 463 1989 quaa
476 1931 554 1971 nunc
568 1910 664 1970 ariimo
678 1913 820 1972 sententia
832 1925 937 1992 surgat

107 1993 224 2051 AEnean
239 1992 324 2050 acciri
337 2010 448 2067 omnes,
461 1991 645 2069 populusque
657 1999 818 2070 patresque,
973 2058 976 2064 ,

108 2072 288 2149 Exposcunt,
303 2071 435 2148 mittique
447 2071 523 2129 viros
538 2071 588 2147 qui
602 2078 680 2130 certa
692 2079 845 2148 reportent.
960 2097 962 2101 ¹

107 2151 141 2209 Si
154 2152 206 2210 tibi
219 2171 284 2230 qnae
297 2169 386 2228 posco
398 2150 576 2229 promittunt,
591 2169 658 2208 nam
672 2145 745 2208 mihi
755 2150 824 2210 facti

107 2231 199 2289 Fama
211 2239 255 2290 snt
267 2239 319 2307 est,
334 2230 443 2296 tumulo
456 2229 555 2288 videor
567 2231 690 2307 reperire
704 2229 757 2287 sub
771 2230 820 2289 illo
1028 2235 1082 2291 195

107 2309 198 2369 Posse
209 2310 286 2368 viam
301 2310 336 2366 ad
349 2328 445 2366 muros
459 2315 488 2366 et
501 2308 607 2366 moenia
620 2307 775 2368 Pallantea.
989 2325 991 2330 ·

109 2387 271 2464 Obstupuit,
286 2406 389 2462 magno
403 2387 520 2445 laudum
534 2405 685 2465 percussus
699 2408 805 2464 amore,

108 2466 268 2543 Euryalus3
289 2465 374 2522 simul
387 2465 433 2523 his
447 2466 594 2523 ardentem
609 2465 709 2524 affatur
723 2467 866 2525 amicum:

108 2545 200 2602 Mene
213 2544 298 2619 igitur
311 2543 420 2600 socium
434 2544 552 2600 summis
566 2544 720 2621 adjungere
734 2544 828 2622 rebus,

108 2623 192 2698 Nise,
206 2622 302 2698 sugis?
323 2619 416 2678 solum
430 2628 463 2678 te·
472 2620 502 2677 in
516 2628 594 2678 tanta
606 2623 733 2698 pericula
745 2624 877 2682 mittam?
1023 2630 1081 2684 200

108 2702 140 2762 N
140 2721 178 2760 on
191 2703 231 2760 ita
244 2719 291 2759 me
304 2699 415 2776 genitor
426 2697 510 2756 bellis
525 2709 654 2758 assuetus
670 2699 810 2778 Opheltes

107 2781 272 2859 Argolicum
287 2790 422 2837 terrorem
434 2779 508 2839 inter
522 2777 676 2857 Trojaeque
690 2778 800 2837 labores

110 2861 259 2919 Sublatum
273 2859 391 2931 erudiit;
413 2875 468 2915 nec
482 2865 579 2931 tecum
592 2857 660 2916 talia
672 2859 757 2935 gessi,
907 2857 911 2863 ’

108 2939 328 3017 Magnanimum
341 2937 457 2995 AEnean
471 2943 501 2994 et
512 2935 570 2996 fata
583 2945 710 2995 extrema
724 2938 846 2997 secunus.

108 3020 164 3079 Est
176 3018 234 3095 hic,
249 3027 292 3076 est
305 3018 417 3075 animus
431 3015 505 3073 lucis
519 3023 706 3093 contemptor,
721 3024 751 3076 et
763 3017 850 3077 istum
963 3065 977 3083 ,
1023 3023 1080 3078 205

111 3099 170 3170 Qui
182 3099 242 3156 vitri
254 3097 330 3155 bene
344 3096 442 3154 credat
455 3095 522 3170 emi,
537 3091 594 3172 qud
608 3096 711 3172 tendis,
725 3097 872 3155 honorem.

108 3178 198 3236 Nisus
212 3176 247 3234 ad
258 3175 339 3234 haec:
362 3175 506 3252 Equidem
520 3176 556 3232 de
570 3182 599 3233 te
611 3175 652 3232 nil
665 3176 722 3234 tale
734 3175 863 3251 verebar,

109 3256 175 3316 Nec
188 3255 247 3328 fas3
268 3273 344 3312 non:
363 3253 405 3311 ila
417 3272 464 3311 me
477 3253 580 3312 reserat
592 3253 644 3312 tibi
658 3248 778 3331 magnus
791 3261 925 3348 ovanpem

109 3334 229 3412 Jupiter,
243 3340 293 3390 cut
303 3331 477 3409 quicumque
490 3333 580 3391 oculis
593 3333 657 3391 haec
671 3334 790 3411 adspicit
804 3351 901 3410 aequrs.
942 3371 950 3405 ·.

112 3413 181 3488 Sed,
195 3411 297 3488 siquis
315 3408 395 3487 (quae
408 3410 498 3468 multa
509 3411 591 3470 vides
605 3412 768 3470 discrimine
781 3410 859 3489 tali),
1021 3412 1079 3466 210

111 3491 145 3552 Si
157 3491 220 3569 quis
233 3489 264 3547 in
278 3489 430 3547 adversum
442 3489 533 3565 rapiat
545 3508 663 3549 casusve
678 3490 795 3565 deusve,
1119 3495 1122 3502 '

111 3571 157 3629 Te
170 3587 319 3647 superesse
332 3567 438 3626 velim:
460 3574 510 3625 tua
522 3567 581 3627 viu
595 3569 707 3645 dignior
718 3575 795 3627 retas.
862 3593 865 3600 ·

113 3649 157 3710 Sit
170 3649 218 3725 qui
231 3665 278 3705 me
292 3653 404 3723 raptum
416 3645 522 3722 pugni,
536 3648 663 3723 pretiove
677 3649 865 3723 redemptum,
1034 3701 1036 3707 .

109 3729 234 3791 Mandet
245 3726 333 3784 humo
347 3724 446 3798 solitd3
467 3731 525 3799 aut,
539 3725 563 3782 si
576 3726 632 3804 qu'a
643 3727 673 3784 id
686 3726 797 3785 fortuna
808 3721 925 3800 vetabit,
1131 3741 1135 3751 ¹
