2400 4178
114 178 170 241 U
517 174 698 233 AENBIDOS

116 328 250 403 Miratus,
264 336 359 407 stupet
371 328 402 387 in
415 326 526 399 Turno,
540 344 699 403 corpusque
711 324 879 403 peringens

116 408 241 465 Lumine
253 407 352 481 volvit,
366 406 481 481 obitque
496 406 567 463 truci
581 404 680 481 procul
694 404 793 463 omnia
804 404 888 477 visu;

116 486 236 545 Talibus
249 495 279 544 et
292 486 375 543 dictis
388 485 411 544 it
423 496 522 542 contra
535 484 611 541 dieta
624 483 755 559 tyranni:

115 566 177 625 Aut
190 563 287 642 spoliis
301 584 355 639 ego
366 565 427 641 jam
442 562 529 639 raptis
542 562 679 619 laudabor
692 560 806 639 opimis,

116 646 176 701 Aut
189 644 246 701 leto
260 642 384 719 insigni:
405 642 474 699 sorti
488 656 568 717 pater
582 658 683 716 requus
696 640 810 719 utrique
822 646 886 697 est:
1044 644 1106 701 450

115 722 199 781 Tolle
214 722 313 779 minas.
356 720 446 779 Fatus
460 720 587 777 medinm
600 720 730 795 procedit
742 718 772 777 in
786 736 893 795 sequor.

115 798 249 877 Frigidus
263 798 423 857 Arcadibus
437 798 495 855 coit
508 797 536 855 in
552 798 709 873 pnncordia
721 798 845 875 sanguis.

157 878 284 935 Desiluit
296 878 414 935 Turnus
427 876 533 954 bijugis
544 895 553 948 ;
574 877 664 953 pedes
677 887 793 954 apparat
805 877 847 934 ire

115 958 293 1019 Comminus.
335 956 434 1032 thue
448 956 504 1029 leo,
518 954 634 1032 speculi
648 974 736 1031 quum
750 956 822 1015 vidit
834 952 871 1013 ub
884 952 946 1015 alti

116 1040 196 1097 Stare
210 1035 308 1112 procul
324 1036 435 1111 campis
449 1034 633 1091 meditantem
648 1034 678 1091 in
690 1034 792 1112 proelia
803 1044 930 1111 numm,
978 1034 983 1041 ’
1044 1042 1105 1099 455

115 1114 258 1175 Advolat:
280 1114 357 1173 haud
371 1114 427 1171 sliu
440 1124 484 1171 est
497 1113 588 1171 Turni
602 1113 744 1172 venientis
758 1114 862 1191 imago.

116 1196 202 1253 Hunc
218 1193 267 1251 nbi
281 1193 446 1269 contiguum
461 1193 554 1249 missae
569 1192 629 1249 lore
642 1193 763 1251 eredidit
775 1193 865 1253 hasra
964 1196 969 1203 '

117 1274 161 1332 lre
175 1274 252 1351 prior
264 1272 369 1346 Pullus,
384 1272 407 1329 si
421 1272 479 1347 qui
492 1272 548 1329 sors
563 1272 678 1349 adjuvet
691 1290 793 1331 ausum

115 1353 233 1413 Viribus
248 1352 286 1409 im
308 1351 422 1423 aribus;
444 1370 637 1426 magnumque
652 1351 692 1409 ito
705 1350 740 1409 ad
755 1350 861 1409 aetbera
872 1358 972 1413 tatur:

115 1432 172 1491 Per
184 1430 271 1510 patris
284 1372 449 1507 bospitium,
465 1440 494 1487 et
508 1449 621 1487 mensus
634 1450 704 1505 quas
719 1431 830 1489 advena
843 1428 941 1507 adisti,
1047 1440 1106 1495 460

114 1512 160 1569 Te
173 1528 282 1588 precor,
298 1508 412 1583 Alcide,
426 1510 528 1585 creptis
542 1509 707 1585 ingentibus
721 1509 814 1582 adsis3

115 1590 222 1649 Cernat
235 1588 372 1646 semineci
386 1588 441 1644 sibi
456 1608 501 1643 me
515 1607 614 1664 rapere
628 1606 707 1647 armo
721 1596 849 1664 cruento,

115 1668 320 1743 victoremque
334 1666 426 1725 serant
439 1667 590 1725 morientia
603 1666 711 1725 lumina
724 1667 825 1725 Turni.

114 1748 216 1805 Audiit
229 1745 346 1805 Alcides
354 1747 503 1824 juvenem,
518 1766 711 1823 magnumque
725 1746 779 1805 sub
792 1747 850 1805 imo

104 1826 210 1885 ¹Corde
224 1826 326 1903 premit
339 1826 489 1901 gemitum,
503 1826 562 1883 laer
573 1845 698 1903 vmasque
713 1825 814 1885 effudit
826 1826 931 1887 inanes

114 1904 192 1963 Tum
206 1906 317 1982 genitor
330 1914 429 1965 natum
442 1904 525 1963 dictis
539 1846 641 1964 alatur
654 1905 772 1963 amicis:

107 1984 177 2043 'Stat
191 2004 242 2043 sua
254 1985 359 2062 cuique
372 1984 444 2059 dies,
458 1983 545 2043 breve
560 1993 589 2042 et
602 1984 782 2061 irreparabile
795 1992 912 2061 tempus

115 2063 258 2122 Omnibus
272 2073 315 2122 est
328 2064 414 2136 ritae3
435 2064 487 2122 sed
500 2062 606 2121 samam
620 2064 776 2122 extendere
789 2062 882 2140 laetis,

114 2142 181 2203 Hoc
194 2143 304 2201 virtutis
318 2162 398 2219 opus.
440 2141 536 2219 Trojae
550 2141 603 2199 sub
617 2142 759 2200 moenibus
774 2142 837 2201 eltis

104 2221 172 2280 'Tot
184 2221 243 2279 nati
256 2220 387 2280 cecidere
402 2219 507 2292 deirm5
529 2220 599 2296 quin
613 2220 719 2281 occidit
731 2222 790 2279 unis

114 2299 271 2377 Sarpedon,
285 2318 351 2359 mea
364 2299 535 2375 progenies:
558 2299 644 2357 etiam
658 2320 711 2359 sua
724 2300 857 2371 Turnum

112 2378 185 2436 Fata
198 2386 312 2454 vocant,
325 2385 473 2453 metasque
488 2378 546 2436 dati
558 2379 689 2455 pervenit
703 2380 738 2437 od
752 2379 817 2438 evi.

114 2458 163 2515 Sic
177 2458 225 2531 ait,
240 2464 325 2533 atque
340 2456 439 2517 oculos
452 2456 625 2517 Rutulorum
639 2459 731 2537 rejicit
744 2457 827 2519 arvis·

152 2538 192 2597 At
205 2536 300 2595 Pallas
313 2536 426 2613 magnis
438 2537 542 2595 emittit
554 2537 662 2596 viribus
676 2537 797 2615 hastam,

113 2614 284 2693 Vaginique
298 2617 369 2676 eard
381 2616 539 2693 fulgentem
553 2617 656 2695 deripit
669 2636 777 2676 ensem.

115 2694 168 2754 illa
181 2695 290 2772 volans,
305 2696 419 2755 humeri
432 2703 551 2773 surgunt
564 2696 621 2773 qud
634 2696 761 2773 tegmina
774 2714 896 2773 summa,

114 2773 238 2848 incidit;
260 2783 356 2853 atque,
368 2776 447 2834 viam
461 2775 555 2853 clypei
569 2775 669 2835 molita
681 2793 733 2853 per
746 2794 819 2850 orna,

113 2852 246 2911 Tandem
260 2854 347 2915 etiam
360 2873 464 2929 mogno
477 2853 592 2913 strinxit
605 2855 641 2912 de
655 2873 775 2931 corpore
788 2852 891 2913 lurni

113 2930 173 2993 Hic
187 2932 303 2990 Turnus
316 2932 390 2989 serro
404 2933 554 3008 praefixum
568 2932 653 2990 robur
666 2943 748 2992 acuto

114 3009 147 3065 ln
163 3010 292 3068 Pallanta
306 3011 355 3068 diu
369 3010 474 3069 librans
484 3010 564 3088 jacit,
580 3021 664 3089 atque
678 3012 717 3072 ita
730 3012 822 3071 futur:

111 3088 238 3165 Adspice
252 3108 321 3147 num
335 3085 418 3164 magd
433 3089 469 3147 sit
482 3099 611 3149 nostrum
624 3089 805 3169 penetra-bile
817 3088 918 3151 telum.

112 3164 252 3225 Dixerat:
276 3175 304 3225 at
316 3165 460 3244 clypeum,
474 3177 516 3235 tot
528 3169 595 3228 ferri
608 3179 697 3246 tergo,
711 3178 757 3229 tot.
766 3169 842 3247 teria,

114 3245 213 3316 Quum
226 3245 310 3323 pellis
323 3246 409 3305 toties
422 3245 507 3307 obeat
519 3248 695 3308 circumdata
708 3248 791 3325 tauri,

112 3323 246 3383 Vibranti
259 3325 387 3387 medium
402 3326 499 3402 cuspis
510 3327 719 3387 transverberat
732 3329 803 3405 ictu,

113 3404 280 3479 Loricseque
295 3424 388 3463 moras
402 3412 432 3462 et
444 3414 544 3483 pectus
557 3406 681 3484 perforat
693 3409 804 3484 ingens.
1048 3422 1110 3481 m

114 3481 167 3539 llle
181 3482 254 3559 rapit
266 3483 392 3542 calidum
405 3482 509 3543 frustra
521 3487 558 3543 de
571 3485 692 3545 vnlnere
705 3487 815 3560 telum

114 3559 181 3619 Una
195 3561 353 3638 eidemque
366 3562 415 3621 via
428 3564 542 3639 sanguis
556 3564 723 3641 animusque
737 3570 906 3643 sequuntur.

54 3657 59 3667 ·
113 3638 228 3697 Corruit
240 3639 270 3696 in
284 3640 407 3714 rulnus;
429 3642 554 3700 sonitum
567 3640 654 3720 super
668 3648 746 3703 arnna
758 3641 888 3722 deddre3

113 3715 269 3777 Etterram
283 3717 417 3779 hostilem
431 3720 556 3778 moriens
569 3723 701 3800 petitore
715 3730 845 3791 cruento.
917 3716 921 3723 ’
