2400 4178
412 251 416 259 <
506 212 620 268 nrssn
639 198 678 271 1'12

106 360 277 420 Extinxisse
291 359 371 419 nefas
384 364 493 438 tamen,
507 369 537 421 et
550 362 705 438 sumpsisse
719 363 855 422 merentis
903 354 913 363 ”

105 439 259 498 Laudabor
271 457 391 515 poenss3
413 440 599 517 animumque
612 438 747 518 explesse
756 442 871 518 juvabit

106 518 226 578 Ultricis
240 518 374 593 flammae,
389 526 419 576 et
429 519 545 576 cineres
560 520 679 577 satiisse
694 537 833 577 meorum.

146 596 232 653 Talia
240 593 396 673 jactabam,
410 605 440 654 et
451 595 554 654 furiati
569 606 665 656 mente
679 597 806 670 ferebar3

87 674 207 746 *Quum
216 673 294 755 ¹mihi
307 693 348 749 se,
361 693 420 731 non
435 673 501 746 ants
517 675 610 734 oculis
623 683 682 734 tam
696 675 782 751 clam,
795 675 952 735 videndam

63 784 65 789 ·
108 753 229 829 Obtulit,
246 762 275 811 et
287 753 360 829 puri
372 771 426 829 per
438 761 555 812 noctem
568 754 598 811 in
612 754 677 813 luce
690 753 811 830 refulsit,

106 832 318 909 Alma'parens,
333 832 466 890 consessa
479 833 574 906 deam,
589 834 739 910 qualisque
751 831 848 899 videri·
914 842 917 847 '

107 905 256 969 Cdelioolis
270 920 299 968 et
312 916 419 988 quanta
432 909 521 982 solet;
543 910 702 989 dextrique
715 910 907 994 prehensum·

106 989 268 1064 continuit,
283 1007 422 1070 roseoque
436 988 501 1046 haec
514 989 632 1065 insuper
644 989 754 1048 addidit
767 1007 836 1047 ore:

148 1067 234 1141 Nate,
249 1067 312 1143 quis
326 1065 479 1124 indomitas
493 1073 589 1124 tantus
602 1066 685 1124 dolor
698 1067 805 1145 excitet
817 1067 895 1127 iras?

110 1144 189 1214 Quid
203 1145 292 1203 suris?
315 1153 364 1201 aut
377 1141 505 1221 qubnsm
518 1145 607 1202 nostri
621 1145 674 1203 tibi
687 1164 756 1204 eura
768 1148 907 1205 recessit?

108 1223 139 1280 N
141 1243 177 1280 on
192 1221 271 1299 prius
287 1222 428 1299 adspicies
442 1222 491 1279 ubi
505 1223 613 1280 sessum
628 1231 711 1281 aetate
724 1234 874 1300 parentem

109 1297 241 1378 Liqucrss
254 1301 425 1358 Anchisen?
446 1310 562 1378 superet
575 1304 720 1379 conj-ux'ne
734 1302 854 1377 Creiisi,
888 1339 891 1343 ·

108 1381 308 1457 Ascaniusque
321 1381 413 1458 puer?
435 1398 506 1456 quos
521 1399 622 1438 omnes
635 1380 762 1457 undique
777 1380 872 1441 Graiae

108 1460 225 1518 Circum
240 1466 334 1517 errant
348 1459 441 1532 acies;
463 1466 501 1534 et,
516 1459 547 1516 ni
562 1477 627 1516 mea
640 1478 708 1516 cura
720 1459 842 1536 resistat,

107 1538 124 1595 J
126 1558 172 1595 am
186 1538 309 1595 flammae
323 1536 600 1611 tulerint‘inimicus
614 1545 644 1597 et
656 1537 785 1597 hauserit
799 1540 885 1598 ensis.

108 1617 178 1675 Non
191 1616 243 1674 tibi
257 1616 431 1692 Tyndaridis
445 1616 532 1675 iacies
545 1617 639 1674 invisa
653 1619 795 1692 Lseaenae,
848 1635 849 1639 ’

109 1695 286 1770 Culpatusve
300 1695 399 1767 Paris;
422 1693 520 1751 diutim
534 1695 729 1770 inelementia,
745 1695 854 1773 divdm,

35 1840 41 1854 μ
109 1773 172 1830 Has
187 1773 288 1832 evertit
302 1788 381 1848 opes,
396 1773 552 1849 sternitque
567 1793 584 1830 a
597 1773 864 1852 eulmineTrojam.

109 1852 256 1928 Adspice:
278 1861 403 1928 namque
417 1869 534 1909 omnem
547 1871 611 1928 quae
627 1869 704 1908 nunc
718 1851 843 1911 obducta
855 1851 947 1912 tuenti

72 1999 74 2001 ¹
109 1930 249 1988 Mortales
263 1929 380 1987 hebetat
393 1930 471 1987 visus
485 1929 547 2004 tibi,
563 1937 592 1988 et
604 1929 725 1986 humida
738 1928 849 1990 circum

109 2009 232 2085 Caligat,
246 2008 354 2066 nubem
368 2008 505 2086 eripiam:
527 2016 558 2067 tu
572 2029 610 2067 ne
624 2027 680 2086 qus
692 2008 820 2085 parentis

107 2089 125 2146 J
127 2108 192 2146 ussa
205 2089 284 2162 time,
299 2106 356 2145 neu
369 2087 522 2165 praeceptis
535 2107 637 2164 parere
654 2085 762 2146 recusa.
822 2158 827 2167 ¹

109 2167 178 2243 Hic,
194 2167 243 2224 ubi
257 2167 391 2245 disjectas
405 2167 505 2243 moles,
521 2168 677 2243 avulsaque
692 2166 769 2224 saxis

110 2246 187 2304 Saxa
200 2247 290 2321 vides,
305 2246 453 2323 mixtoque
466 2248 624 2305 undantem
638 2245 759 2323 pulvere
773 2243 894 2320 sumum,

109 2326 266 2402 Neptunus
280 2345 376 2383 muros
390 2345 551 2403 magnoque
567 2335 662 2383 emoto
674 2324 790 2383 tridenti

108 2403 310 2461 Fundamenta
324 2404 424 2480 quatit,
439 2412 584 2481 totamque
599 2403 635 2461 ab
649 2403 767 2461 sedibus
781 2401 882 2461 urbem

109 2482 202 2538 Eruit.
245 2480 304 2537 Hic
318 2482 393 2540 Juno
412 2483 509 2540 Seaeas
523 2483 682 2540 saevissima
694 2488 790 2557 portas

108 2559 206 2615 Prima
220 2566 307 2637 tenet,
322 2559 491 2634 sociumque
504 2559 601 2617 furens
615 2578 633 2617 a
645 2559 766 2617 navibus
781 2576 883 2633 agmen

109 2638 199 2693 Ferro
214 2636 344 2693 accincto
357 2643 450 2692 voest.

108 2716 173 2772 Jam
188 2733 316 2771 summas
330 2731 409 2771 arces
425 2711 564 2786 Tritonia,
580 2711 702 2788 respice,
711 2711 813 2769 ¹Pallas

111 2793 230 2867 Insedit,
246 2791 343 2849 nimbo
358 2789 500 2866 effulgens
514 2799 543 2849 et
556 2791 693 2866 Gorgone
707 2789 794 2848 saevi.

111 2873 179 2949 Ipse
192 2880 275 2948 pater
288 2870 397 2927 Danais
412 2871 522 2930 animos
536 2870 668 2946 viresque
683 2868 825 2928 secundas

112 2951 240 3022 Sufficit3
262 2950 324 3026 ipse
338 2949 408 3007 deos
421 2949 452 3025 in
466 2949 603 3007 Dardana
616 2949 734 3007 suscitat
748 2966 835 3007 arma.

110 3031 210 3106 Eripe,
225 3036 301 3104 nate,
316 3028 423 3105 sugam,
437 3027 584 3104 finemque
598 3028 716 3105 impone
729 3026 830 3085 labori.

111 3109 261 3184 Nusquam
276 3107 372 3182 abero,
387 3115 416 3165 et
429 3115 523 3166 tutum
538 3106 630 3184 patrio
644 3115 673 3163 te
686 3105 786 3164 limine
800 3104 908 3164 sistam·

111 3188 242 3262 Dixerat,
257 3194 285 3245 et
299 3186 397 3262 spissis
411 3185 505 3244 noetis
516 3194 551 3243 'se
566 3185 696 3244 condidit
708 3184 826 3243 umbris.

112 3268 262 3342 Apparent
275 3263 344 3322 dirae
357 3263 456 3338 facies,
471 3264 646 3341 inimicaque
661 3263 758 3343 Trojae

111 3344 141 3403 N
143 3343 243 3401 umine
256 3361 361 3418 magna
374 3342 469 3401 desim.
971 3405 974 3409 Δ

152 3423 229 3479 Tum
242 3417 311 3479 verb
321 3439 412 3490 ,omne
426 3421 497 3479 mihi
509 3420 604 3479 visum
619 3419 768 3496 considere
782 3418 813 3476 in
827 3417 909 3494 ignes

113 3499 210 3575 Ilium,
225 3507 254 3558 et
267 3517 305 3556 ex
318 3499 377 3555 imo
390 3499 462 3556 verti
477 3499 628 3577 Neptunia
640 3498 737 3591 Troja„

111 3581 157 3638 Ac
172 3578 262 3636 veluti
277 3576 396 3634 summis
411 3577 555 3653 antiquam
568 3578 598 3635 in
613 3575 759 3634 montibus
773 3593 875 3631 ornum

113 3659 213 3731 Quum
227 3655 301 3714 ferro
315 3655 439 3712 accisam
453 3655 616 3732 crebrisque
630 3653 807 3732 bipennibus
820 3652 928 3711 instant
1026 3651 1028 3657 ’

111 3733 224 3798 Eruere
237 3733 369 3811 agricole
384 3733 530 3807 certatim;
550 3734 600 3791 illa
613 3751 703 3810 usque
717 3731 852 3808 minatur,
