2370 4176
121 182 174 242 ΙΝ
340 248 346 257 ,
525 184 707 241 mimos

121 332 222 404 Quum
235 332 335 410 procul
349 331 485 391 ohsmros
498 331 588 391 colles
601 332 741 391 humilem
761 336 800 393 u'e
811 333 947 397 viduus

119 408 243 470 ltaliam.
286 411 399 470 ltaliam
412 411 522 488 primus
534 411 697 471 conclamat
709 352 856 487 Adlstes3

119 486 233 549 ltaliam
246 488 314 547 leto
327 489 398 547 socii
411 489 536 548 elsmore
549 489 684 548 saluhnt.

118 565 197 627 'rum
210 575 292 645 peter
304 566 449 626 Anchises
462 586 599 644 magnum
612 576 722 626 cratera
734 567 842 625 coroni

119 642 227 720 Induit,
241 646 282 703 im
301 643 428 723 levitque
441 665 531 722 mero,
546 646 686 723 divosque
698 646 814 704 vocarit

119 722 206 783 Stans
219 741 254 780 ce
310 724 341 781 in
354 724 444 801 puppi
457 744 463 781 :

116 798 168 877 Di,
183 801 268 858 maris
281 809 311 860 et
324 811 407 860 terre
420 808 679 878 tempestatumque
692 809 835 878 potentes,

116 876 204 937 Ferte
217 879 294 936 viem
308 889 395 938 vento
408 879 532 954 stcilem,
547 888 577 937 et
589 880 694 956 spirate
708 880 837 938 secundi.

117 956 311 1015 Crebrescunt
324 967 428 1035 optatae
443 977 530 1033 auree,
544 966 703 1035 portusque
715 958 838 1035 patescit

115 1032 181 1091 Jsm
194 1035 319 1112 propio'r,
333 1037 529 1113 templumque
543 1044 661 1113 apparet
673 1036 704 1093 in
719 1055 783 1094 erce
797 1037 949 1096 Minervas.
1060 1048 1063 1055 '

116 1112 193 1170 Vela
205 1113 307 1189 legunt
318 1115 400 1189 socii,
415 1123 445 1173 et
456 1133 555 1190 proras
567 1114 604 1171 sd
617 1114 711 1172 littora
723 1121 867 1191 torquent

115 1188 221 1248 Portus
235 1193 271 1250 eb
284 1192 384 1250 Euroo
397 1193 486 1251 fluctu
500 1200 633 1250 curvatus
647 1193 678 1249 in
692 1211 808 1266 arcum;

116 1267 248 1346 ijectae
263 1270 338 1328 salsi
353 1279 488 1347 spumant
501 1271 651 1346 aspergine
664 1278 781 1329 cautes:

116 1345 184 1422 lpse
197 1347 284 1406 latet:
306 1349 424 1423 gemino
438 1349 592 1406 demittunt
605 1348 721 1406 brechia
735 1368 816 1406 muro

116 1423 225 1484 Turriti
238 1427 360 1503 scopuli,
374 1428 535 1502 refugitque
549 1426 584 1483 ab
598 1425 691 1484 littore
706 1425 856 1502 templum.

156 1502 287 1572 Quatuor
301 1504 358 1578 hic,
373 1506 496 1581 primum
511 1522 607 1576 omen,
621 1521 711 1578 equos
723 1503 753 1558 in
767 1503 897 1578 gramine
909 1502 970 1562 vidi

116 1577 284 1638 Tondentes
298 1599 431 1656 campum
445 1578 512 1654 late,
526 1581 650 1638 candore
664 1579 761 1638 nivali.

116 1656 157 1715 Et
191 1667 250 1716 ater
263 1658 407 1716 Anchises
420 1679 426 1715 :
448 1658 575 1732 Bellum,
588 1678 606 1716 o
620 1666 695 1716 terra
707 1658 830 1735 hospita,
843 1666 958 1736 portas:

116 1678 200 1794 Bello
215 1744 358 1794 armantur
372 1738 457 1813 equi3
477 1736 587 1794 bellum
601 1736 667 1794 haec
680 1747 809 1796 armenta
822 1738 974 1797 minantur.

117 1813 176 1871 Sed
190 1823 285 1873 tamen
299 1813 378 1873 idem
391 1815 460 1874 olim
474 1834 558 1873 curru
574 1816 730 1874 succedere
745 1816 820 1873 sueti

117 1892 337 1970 Quadrupedes,
353 1901 382 1952 et
394 1894 484 1951 sraerrs
492 1896 564 1972 jugo
578 1895 731 1952 concordia
743 1893 835 1952 ferre:

117 1970 191 2047 Spes
205 1980 234 2030 et
246 1972 336 2048 pacis,
352 1973 399 2030 ait.
441 1973 520 2030 Tum
534 1973 654 2030 numina
666 1980 764 2030 sancta
775 1991 925 2050 precamur

115 2048 243 2107 Palladis
257 2050 417 2125 armisonae,
432 2070 496 2126 quae
510 2051 603 2127 prims
616 2051 728 2127 accepit
741 2058 879 2123 ovuntes;

115 2127 157 2185 Et
171 2129 264 2205 capitu
278 2137 344 2186 ante
359 2148 420 2186 erus
433 2129 561 2203 Phrygio
574 2128 704 2186 velamur
717 2128 842 2186 amictu:

76 2225 79 2229 ·
114 2205 330 2284 Praeceptisque
344 2206 464 2282 Heleni,
478 2206 596 2263 dederat
609 2225 673 2283 quae
687 2206 823 2281 maxima,
837 2203 891 2265 rite

114 2282 221 2341 lunoni
236 2286 351 2361 Argivis
362 2288 460 2363 J'ussos
473 2283 620 2342 adolemus
634 2284 767 2362 honores.

155 2361 243 2420 Haud
257 2383 344 2440 mora,
359 2360 505 2437 continuis,
520 2362 653 2439 perfectis
666 2363 766 2420 ordine
779 2361 864 2437 votis,

115 2438 232 2499 Cornua
244 2441 401 2500 velatarum
415 2441 589 2500 obvertimus
603 2449 810 2513 antennarum
1003 2501 1006 2505 ,

115 2517 371 2597 Grajugenirmque
385 2521 495 2594 domos,
509 2527 699 2598 suspectaque
712 2518 868 2596 linquimus
883 2536 959 2578 arva

115 2597 194 2655 Hinc
210 2599 289 2656 sinus
303 2599 452 2674 Herculei,
467 2599 491 2657 si
504 2617 573 2657 vers
586 2607 630 2656 est
641 2598 727 2673 fama,
741 2596 861 2656 Tarenti

114 2675 259 2734 Cerriitur.
300 2678 415 2736 Attollit
428 2696 459 2736 se
473 2678 540 2735 diva
554 2677 674 2736 Lacinia
686 2673 794 2751 contri,

115 2754 311 2830 Caulonisque
325 2775 414 2831 arces,
430 2764 459 2814 et
472 2756 649 2832 navifragum
665 2754 843 2830 Scylaceum.

114 2831 192 2890 Tum
205 2834 305 2909 procul
319 2853 335 2892 e
349 2834 438 2893 fluctu
452 2834 601 2892 Trinacria
613 2833 739 2891 cernitur
750 2831 861 2890 AEtns:

115 2910 156 2968 Et
169 2912 307 2986 gemitum
322 2912 468 2987 ingentem
483 2912 587 2988 pelagi,
601 2910 770 2987 pulsataque
784 2928 854 2968 saxa

114 2989 257 3046 Audimus
271 2987 368 3065 longe,
382 2991 542 3067 fractasque
556 2991 591 3047 ad
605 2989 699 3047 littore
711 3005 817 3061 voces;
891 3013 894 3016 ⁴

115 3066 328 3143 Exsultantque
341 3068 424 3144 vada,
440 3077 525 3144 atque
539 3077 609 3126 aestu
623 3067 780 3125 miscentur
793 3082 897 3126 arente.

114 3143 156 3201 Et
168 3153 249 3220 peter
261 3145 404 3205 Anchises
417 3167 423 3203 :
446 3147 591 3206 Nimirum
606 3145 670 3204 hec
682 3144 732 3202 illc
745 3139 926 3219 Charybdis:

115 3221 179 3280 Hos
193 3223 327 3280 Helenus
341 3225 484 3301 scopulos,
498 3226 561 3284 haec
575 3244 645 3283 saxu
656 3222 809 3298 horrenda,
823 3219 952 3281 canebat·

114 3300 237 3378 Eripite,
253 3322 270 3361 ο
284 3302 364 3377 socii,
378 3304 540 3381 pariterque
553 3302 691 3380 insurgite
704 3302 800 3361 remis.

115 3379 203 3436 Haud
218 3379 313 3439 minuis
328 3400 361 3438 sc
371 3383 446 3460 jussi
459 3382 585 3441 faciunt:
607 3383 773 3461 primusque
787 3378 938 3442 rudentem

113 3456 262 3516 Contorsit
274 3459 361 3518 leves
374 3479 487 3537 proram
501 3461 653 3519 Palinurus
668 3461 704 3518 sd
717 3462 828 3535 undas3

114 3535 232 3592 Laevam
248 3546 351 3596 cuncta
364 3539 467 3597 cohors
481 3539 567 3596 remis
580 3538 731 3613 ventisque
741 3537 855 3631 petivit.

114 3610 258 3669 Tollimur
272 3615 301 3672 in
316 3617 420 3675 eoelum
435 3625 550 3675 curvato
565 3616 685 3692 gurgite,
700 3623 729 3674 et
741 3617 821 3675 rdem

116 3689 264 3748 Subductt
278 3693 313 3750 ad
327 3695 432 3753 Manes
446 3695 519 3754 imos
534 3694 690 3752 desidimus
703 3695 792 3755 undt.
892 3704 896 3711 '
