2400 4178
453 202 457 211 '
522 189 637 248 LIBER
655 190 686 245 l.‘
704 142 705 145 ¹

108 340 150 400 Et
163 340 277 418 quando
290 338 414 398 infidum
428 338 515 398 remia
528 338 678 416 impellere
692 358 817 398 marmor

107 417 290 492 Conveniat3
311 419 428 496 quando
441 426 564 477 armatas
579 418 723 477 deducere
737 418 854 494 classes,

105 499 170 566 Aut
182 497 383 574 tempestivam
398 495 478 556 silvis
492 504 621 556 evertere
634 496 746 574 pinum.

107 574 139 634 N
141 595 175 634 ec
189 576 291 634 frustm
304 576 452 652 signorum
466 575 562 646 obitus
575 576 761 652 speculamur
774 583 804 634 et
816 583 904 652 ortus,

108 653 360 732 Temporibusque
373 673 472 731 parem
487 654 608 715 diversis
621 663 744 731 quatuor
757 673 875 714 annum.

147 733 282 809 Frigidus
297 733 452 810 agricolam
466 733 491 794 si
505 734 620 809 quando
634 733 764 793 continet
777 732 880 810 imber,

107 811 213 887 Multa,
228 811 321 871 sorent
334 831 398 890 quae
413 830 482 878 moa
495 812 569 869 coelo
583 812 764 889 properanda
778 831 891 888 sereno,
936 888 938 890 Ι

43 928 44 931 =
107 890 254 949 Maturare
268 891 369 949 datur:
391 891 495 948 durum
507 891 640 969 procudit
653 899 745 948 arator

107 968 243 1027 Vomeris
257 968 352 1028 obtusi
366 970 504 1042 dentem3
527 976 615 1027 cavat.
637 969 737 1027 arbore
750 969 869 1043 lintres3

107 1048 169 1106 Aut
180 1047 279 1125 pecori
292 1048 417 1124 signum,
432 1055 481 1106 aut
493 1066 628 1106 numeros
642 1047 789 1123 impressit
803 1048 932 1106 acervis:

108 1125 267 1184 Exacuunt
279 1125 329 1183 alii
342 1126 433 1185 vallos
445 1126 598 1203 furcasque
611 1125 755 1201 bicornes,

108 1205 205 1279 Atque
218 1204 358 1262 Amerina
370 1212 472 1282 parant
483 1205 570 1262 lentae
585 1203 743 1274 retinacula
755 1204 826 1263 viti:

108 1281 197 1341 Nunc
212 1281 304 1354 facilis
315 1281 407 1340 'rubei
422 1289 535 1342 texatur
548 1281 650 1340 fiscina
663 1283 762 1358 virgi,

51 1423 52 1430 χ
108 1360 139 1418 N
140 1379 197 1418 nnc
212 1367 316 1420 torrete
330 1361 390 1437 igni
403 1360 510 1437 fruges,
526 1358 607 1428 nunc
619 1359 740 1436 frangite
755 1365 844 1420 saxo,

149 1440 268 1517 Quippe
283 1440 370 1498 etiam
383 1438 612 1517 festisquaedam
626 1457 763 1512 exercere
779 1440 882 1499 diebus

107 1518 166 1576 Fas
180 1527 209 1578 et
218 1520 284 1596 jura
297 1518 413 1578 sinunt:
435 1518 511 1576 rivos
526 1519 671 1577 deducere
685 1518 764 1580 nulla

107 1597 235 1673 Relligio
249 1597 349 1672 vetuit,
364 1596 456 1672 segeti
469 1599 648 1674 praetendere
663 1616 772 1674 sepem,

50 1743 53 1749 ⁴
109 1675 232 1747 iusidias
246 1675 346 1733 avibus
362 1675 465 1750 moliri,
480 1676 638 1734 incendere
651 1695 763 1752 vepres,

108 1754 320 1830 Balantumque
333 1773 451 1830 gregem
464 1753 552 1812 fluvio
566 1774 691 1812 mersare
706 1755 831 1813 salubri:

109 1829 201 1909 Saepe
210 1833 274 1890 oleo
288 1833 361 1895 tardi
375 1840 470 1891 costas
485 1833 604 1909 agitator
618 1832 708 1891 aselli:

109 1910 226 1991 Vilibus
241 1920 290 1969 aut
303 1921 403 1975 onerat
415 1911 530 1987 pomis;
550 1911 735 1988 lapidemque
749 1920 896 1972 reuertens

109 1990 256 2064 Incusum,
272 1999 320 2054 aut
333 1999 401 2048 atrae
415 2009 539 2048 massam
552 1991 635 2068 picis,
650 1990 721 2049 urb'e
735 1997 869 2068 reportat

131 2068 215 2146 *Ipsa
229 2069 290 2127 dies
306 2069 377 2148 alios
391 2070 447 2127 alio
462 2069 542 2128 dedit
568 2069 668 2128 ordine
682 2069 751 2127 luna
776 2111 782 2123 1
956 2075 962 2081 '

106 2148 221 2206 Felices
235 2168 364 2225 opernm.
408 2148 547 2221 Quintam
560 2149 648 2225 iuge3
690 2148 799 2208 allidua⁴
809 2147 912 2225 Orcus,

107 2227 346 2305 Eumenidesque
361 2236 450 2301 satae;
472 2236 533 2287 tum
547 2237 631 2305 partu
646 2229 736 2285 Terra
750 2227 874 2287 nefando
904 2291 908 2298 ¹

108 2307 269 2383 Coeumque
284 2307 474 2386 Iapetumque
489 2317 577 2383 creat,
592 2326 760 2383 saevumque
776 2307 919 2384 Typboea,

107 2385 148 2444 Et
161 2387 324 2463 conjuratos
339 2386 444 2444 coelum
457 2387 623 2460 rescindere
636 2385 735 2445 fratres
748 2407 754 2442 z

76 2515 80 2524 .
107 2463 167 2522 Ter
180 2473 246 2522 sunt
255 2465 356 2522 conati
369 2465 519 2542 imponere
533 2465 616 2523 Pelio
632 2464 735 2522 Ossam
845 2515 847 2518 ,

109 2541 236 2615 Scilicet,
252 2554 336 2618 atque
351 2542 434 2600 Oasae
448 2543 614 2601 frondosum
627 2542 775 2600 involvere
791 2542 951 2620 Olympum
964 2563 973 2615 ;

108 2619 168 2678 Ter
181 2620 268 2678 Pater
282 2628 442 2690 exstructos
456 2621 570 2679 dis'eoit
583 2622 704 2680 fulmine
719 2630 840 2679 montes.

109 2698 240 2775 Septima
253 2707 319 2774 post
332 2697 474 2756 decimam
488 2641 559 2755 l‘dlix
573 2707 603 2754 et
614 2718 723 2773 ponere
738 2700 838 2773 vitem,

108 2777 149 2835 Et
162 2795 281 2853 prensos
295 2776 435 2834 domitare
449 2775 549 2849 boves,
565 2783 596 2834 et
608 2776 677 2834 licia
690 2775 755 2834 telae
1036 2783 1094 2836 285

107 2857 244 2914 Addere:
266 2875 343 2914 nona
356 2853 433 2932 fugae
446 2854 558 2931 melior,
572 2855 713 2913 contraria
726 2854 816 2913 furtis.

147 2935 243 2994 Multa
257 2931 329 2994 aded
343 2933 440 3011 gelidi
454 2931 559 2992 melitis
573 2953 604 2992 se
618 2941 706 2994 nocte
720 2932 836 3011 dedere,

107 3015 168 3072 Aut
180 3033 270 3090 quum
285 3013 346 3072 sole
360 3033 437 3073 novo
451 3021 539 3072 terras
553 3014 652 3090 irrorat
666 3012 748 3072 Eous
762 3034 768 3071 :

107 3093 204 3152 Nocte
217 3093 300 3151 leves
312 3089 417 3152 meliirs
432 3093 557 3170 stipulae,
571 3100 657 3151 nocte
672 3093 751 3152 arida
763 3101 853 3171 prata,

107 3171 295 3248 Tondentur,
317 3181 417 3232 noctes
431 3172 527 3231 lentus
540 3192 598 3230 non
613 3171 711 3230 deficit
724 3172 836 3231 humor.
1036 3174 1096 3230 290

107 3251 149 3310 Et
161 3251 278 3329 quidam
292 3270 371 3319 seros
384 3250 500 3310 hiberni
513 3251 549 3322 ad
562 3251 679 3310 luminis
692 3251 775 3326 ignes

106 3329 272 3408 Pervigilat,
286 3329 418 3407 ferroque
432 3330 511 3389 faces
524 3327 647 3407 inspicat
661 3339 764 3388 acuto:

108 3409 222 3468 Interea
235 3409 354 3484 longum
368 3417 454 3468 cantu
469 3409 561 3468 solata
572 3409 724 3482 laborem,

107 3489 217 3562 Arguto
232 3490 340 3567 conjux
353 3488 494 3566 percurrit
506 3489 625 3569 pectine
638 3488 721 3562 telas,
809 3552 811 3556 ,

107 3569 167 3624 Aut
181 3567 273 3625 dulcis
287 3567 374 3626 musti
386 3566 522 3626 Vulcano
536 3567 673 3643 decoquit
685 3565 846 3642 humorem,
996 3594 1007 3599 -
1036 3531 1095 3625 dib
1127 3603 1129 3607 >
1161 3600 1164 3605 ·

109 3646 149 3706 Et
162 3645 238 3723 loliis
251 3646 360 3704 undam
373 3645 477 3724 trepidi
491 3647 643 3724 despumat
657 3644 754 3703 aheni.

110 3727 147 3783 At
161 3724 323 3784 rubicunda
335 3725 426 3785 Ceres
439 3725 541 3785 medio.
551 3724 707 3784 succiditur
720 3731 802 3798 reatu,

1165 3543 1178 3590 ν’
