2370 4176
512 187 1097 254 wll..'ff

34 359 37 365 ·
144 336 898 415 Hisonimodvershterrsmmuitbontimemosto
1035 382 1039 387 .

105 418 290 498 Excoquere,
305 426 335 477 et
347 436 472 494 mugnus
485 417 634 479 scrobibus
647 418 800 484 considero
813 427 937 498 montes,
1029 416 1088 488 ιω

104 495 182 565 Atto*
197 495 346 574 supinatus.
357 496 487 574 motioni
498 497 651 558 ostendere
663 495 773 572 gidus,
830 497 833 504 ’

106 572 203 646 Quom
217 573 532 636 letummtodissvitis
545 593 656 650 genus:
677 574 787 652 optimu
796 575 876 652 putri
1056 640 1064 655 ‚

108 654 187 719 Arse
200 652 282 726 solo;
302 652 337 717 id
346 651 428 713 ronti
441 660 550 728 curent,
564 652 725 730 gelidosque
736 653 858 730 pruine,
901 674 908 680 ·
966 668 968 672 ·

108 730 149 789 Et
160 729 303 789 lobeiooto
315 749 437 792 movens
448 730 581 790 robustus
589 733 693 822 jugero
704 729 805 790 fossor.

144 809 195 884 At,
210 807 235 866 si
248 827 320 884 quos
332 807 410 867 houd
423 805 572 867 ulis'viros
584 807 828 884 vigdontiubrgit,

104 883 183 949 Ante
197 885 293 944 looum
307 885 430 944 similem
443 887 606 963 exquirunt,
619 885 671 944 ubi
683 887 777 963 primo
788 894 904 964 poretrrr

105 963 265 1022 Arboribus
280 970 374 1040 seges,
388 971 419 1022 et
449 961 488 1024 ud
501 983 571 1022 mox
584 964 696 1040 digesto
707 964 831 1039 seretur3

106 1040 249 1101 Mutetum
262 1041 395 1118 ignorent
408 1060 441 1100 su
461 1037 501 1100 itb
514 1061 553 1100 ne
566 1042 830 1101 semino-metrem:
917 1088 923 1096 .

107 1117 189 1190 Quin
204 1118 290 1178 etiem
302 1120 371 1180 eoeli
383 1118 531 1196 regionem
544 1120 576 1177 in
590 1120 696 1178 eortiee
710 1120 842 1195 signent5

106 1197 148 1256 Ut
161 1216 219 1275 quo
232 1216 296 1274 quae
316 1217 354 1256 ue
368 1199 454 1255 modo
468 1199 587 1273 steterit,
602 1199 658 1274 qui
671 1205 752 1274 purte
765 1197 874 1257 colores

106 1275 259 1338 Austrinos
270 1217 356 1338 odoi
392 1294 458 1352 qure
471 1283 552 1351 tergo
563 1274 718 1334 obverterit
731 1276 789 1349 oxi,

106 1353 271 1412 Restituunt
282 1371 289 1410 :
302 1353 384 1412 odeo
398 1353 430 1411 in
444 1353 552 1412 teneris
566 1357 756 1411 consuescere
768 1354 891 1413 multum
905 1357 968 1413 est!

145 1430 277 1490 Collibus
290 1449 327 1492 sn
339 1429 428 1509 pleno
440 1428 546 1490 meliis
560 1430 597 1489 sit
608 1449 717 1508 ponere
731 1433 820 1490 vitem

107 1506 215 1579 Quaere
227 1506 316 1586 priris.
359 1509 391 1568 Si
403 1509 518 1587 pinguis
532 1528 614 1584 egros
627 1509 773 1568 metabere
787 1510 891 1588 compi,

107 1587 208 1645 Denso
220 1605 303 1671 sereg
323 1587 355 1646 in
369 1587 460 1647 denso
472 1606 532 1646 non
546 1587 660 1664 segnior
673 1587 763 1650 ubere
775 1587 929 1650 Boeobm:
1046 1652 1050 1657 ,
1168 1657 1172 1670 ⁴

108 1664 159 1727 sin
173 1664 290 1724 tumulis
303 1664 414 1724 seolive
427 1666 520 1724 solum
533 1666 679 1742 oollesque
693 1667 821 1743 supinos,
961 1673 963 1678 '
1032 1672 1036 1679 '

108 1743 228 1819 indulge
242 1742 391 1804 ordinibus
402 1762 413 1817 ς
432 1761 487 1802 nee
500 1741 596 1805 seoiirs
609 1745 704 1802 omnis
718 1744 749 1802 in
763 1763 891 1820 unguem

107 1821 264 1881 Arboribus
277 1820 378 1899 positis
392 1829 471 1881 seoto
484 1823 533 1881 vio
544 1821 637 1883 limite
651 1823 779 1900 quadret.
844 1845 847 1852 ·

106 1898 149 1957 Ut
161 1895 238 1975 saepd
254 1899 366 1974 ingenti
378 1899 457 1958 bello
470 1918 560 1977 quum
573 1899 660 1975 longo
673 1900 807 1959 oobortes

109 1975 260 2053 Explicuit
272 1977 359 2053 legio,
373 1986 403 2037 et
415 1997 517 2054 oompo
532 1978 610 2036 stetit
623 1997 726 2054 ogmen
741 1978 848 2056 operto,

106 2054 291 2131 Direotaeque
304 2055 392 2130 scies,
408 2075 442 2115 so
455 2053 513 2114 late
526 2056 647 2115 fluctuat
659 2057 753 2114 omnis
847 2060 856 2077 '

107 2133 178 2190 AEre
192 2133 334 2191 renidenti
347 2133 452 2206 tellus3
473 2135 598 2194 neudum
612 2134 727 2204 horrido
741 2135 863 2193 miscent

107 2210 222 2286 Proelia,
237 2211 289 2270 sed
304 2211 408 2271 dubius
421 2213 525 2270 mediis
538 2213 620 2270 Mors
634 2221 708 2272 erret
720 2213 751 2270 in
765 2212 870 2289 armis:

109 2288 214 2346 Omnis
228 2289 285 2349 sint
296 2290 414 2367 poribus
427 2291 557 2349 numeris
570 2291 700 2349 dimenso
712 2291 843 2364 riorum3
867 2290 873 2298 '

108 2366 176 2424 Non
191 2367 317 2426 animum
330 2366 417 2426 modd
431 2364 473 2426 uti
486 2377 586 2445 poscet
598 2377 766 2446 prospectus
779 2371 915 2443 inonem;

110 2444 166 2504 Sed
180 2446 248 2522 quio
260 2464 319 2505 non
332 2446 415 2505 oliter
427 2447 504 2504 vires
517 2445 597 2505 dobit
610 2447 743 2505 omnibus
757 2467 853 2523 requos

108 2522 205 2598 Terre,
219 2542 315 2602 neque
327 2524 359 2583 in
371 2543 496 2583 voouum
509 2532 644 2601 poterunt
657 2543 688 2582 se
702 2527 858 2584 extendere
872 2524 952 2582 romi.

145 2601 278 2660 Forsitan
293 2610 323 2661 et
335 2601 482 2661 scrobibus
496 2622 560 2679 quae
575 2603 633 2661 sint
645 2602 758 2678 fastigio
770 2622 890 2681 quaeros.
976 2633 981 2642 ·

107 2680 208 2737 Ausim
222 2680 270 2737 vel
283 2680 364 2740 tenui
377 2679 467 2739 vitem
481 2681 661 2740 committere
675 2681 763 2739 sulco.
863 2690 865 2693 ’

106 2757 199 2815 Altior
214 2776 247 2815 oo
259 2756 379 2850 penitius
389 2766 472 2831 terrie
487 2759 621 2834 defigitur
633 2758 734 2829 orbos3

107 2835 245 2894 AEseulus
257 2855 288 2896 rn
301 2837 412 2913 primis,
426 2856 490 2913 quae
504 2834 643 2913 quantum
656 2835 766 2893 vertice
780 2833 912 2893 adsutus

107 2913 263 2989 AEtherius,
277 2911 391 2973 tuntum
404 2915 500 2974 rsdiee
513 2915 544 2972 in
558 2915 677 2972 Tortoro
689 2912 791 2971 tendit.

107 2990 185 3066 Ergo
199 3010 258 3049 non
272 2991 385 3050 hiemes
397 2992 486 3067 iilum,
500 3012 560 3050 non
572 2992 671 3066 flabro,
686 3009 781 3067 neque
794 2989 911 3066 imbres,

107 3068 284 3128 convellunt
294 3069 312 3143 3'
324 3069 444 3128 immoto
456 3079 563 3145 monet,
577 3070 739 3146 multosque
752 3076 884 3144 nepotes,

107 3145 202 3206 Multo
214 3145 309 3205 virium
322 3147 444 3206 volvens
456 3149 586 3206 durando
600 3147 715 3223 saeoulu,
729 3146 838 3205 vineit:

107 3224 183 3282 'lbm
196 3224 284 3284 tortos
296 3222 354 3284 loos
369 3244 463 3284 remos
477 3233 508 3284 et
519 3225 639 3285 brsebis
651 3226 775 3284 tendens

107 3302 174 3361 Huc
188 3302 268 3376 illue,
282 3303 380 3361 medis
392 3303 455 3380 ipso
467 3304 615 3380 ingentem
630 3304 751 3362 sustinet
763 3301 904 3360 umbram.

144 3382 231 3440 Neve
245 3381 297 3441 tibi
312 3381 349 3440 ud
362 3381 454 3440 solem
467 3391 587 3458 vergunt
599 3382 698 3441 vineto
711 3381 884 3453 cedentem3

107 3457 191 3517 Neve
204 3458 369 3525 interritos
382 3460 514 3537 corylum
527 3479 610 3532 sere;
631 3479 707 3518 neve
720 3457 834 3533 fiagello
1097 3517 1101 3523 ,

108 3536 228 3595 Summo
239 3546 318 3616 pete,
332 3545 382 3597 sut
394 3539 507 3598 summi
521 3538 666 3614 destringe
680 3558 719 3596 ex
732 3536 833 3594 arbore
846 3532 989 3610 plautius
1029 3533 1088 3589 800

107 3615 218 3675 'ibonis
232 3635 313 3674 umor
325 3619 427 3674 terroe!
449 3636 508 3675 neu
522 3616 596 3674 ferro
609 3616 683 3673 lsede
697 3622 793 3673 retuso
1039 3617 1040 3621 ’

32 3698 40 3707 ’
106 3695 243 3771 Semins;
265 3712 342 3752 nere
356 3694 427 3753 oleae
441 3694 586 3753 silvestres
599 3694 694 3752 insere
707 3700 833 3749 truncos
