2370 4176
98 184 162 241 98·
501 179 683 237 AENEIDOS

101 332 203 408 Exuit,
217 339 248 390 et
260 348 361 407 gressu
374 330 503 406 gaudeus
516 330 626 388 incedit
639 327 706 387 lirli.
1023 332 1084 389 690

101 415 142 470 At
154 411 259 469 Venus
271 411 399 468 Murrio
412 408 556 486 placidam
569 426 622 486 per
634 405 764 466 membra
776 406 906 483 quietem

102 488 223 565 lrrigst;
244 495 275 546 et
286 486 378 546 sotum
394 488 503 563 gremio
516 487 573 544 dea
585 485 659 545 tollit
671 485 702 543 in
715 485 787 543 altos

102 567 202 625 ldslire
214 567 305 641 lucos,
319 565 369 623 nbi
383 565 479 623 mollis
492 583 640 625 muscus
653 563 735 621 illum

102 646 240 703 Floribus
254 654 283 703 et
296 644 375 702 dulci
389 643 538 720 empireus
551 641 753 719 complectitur
765 641 877 701 umbri.

101 724 118 781 J
120 743 225 800 umque
239 723 307 798 ibat,
322 723 400 780 dicto
413 741 527 799 parens,
542 730 571 778 et
585 722 660 778 dona
673 720 790 797 Cupido
1022 720 1085 782 895

102 803 197 878 Regia
210 800 342 878 portabat
356 799 462 876 Tyriis,
477 801 551 857 duee
564 799 649 856 letus
661 797 784 857 Achate.

103 881 204 950 Quum
217 881 307 954 venit,
322 878 422 937 onlaeis
432 880 493 956 jam
509 897 540 935 se
555 877 654 952 regina
667 876 798 953 superbis

102 960 200 1018 Aurei
214 957 376 1034 composuit
389 957 510 1034 spondi,
524 956 710 1032 mediumque
724 954 838 1015 locavit.

141 1038 205 1095 Jam
219 1047 300 1114 pater
314 1035 425 1093 AEneas
439 1038 539 1112 etjam
554 1034 681 1112 Trojano
696 1035 829 1093 'nventus

102 1115 299 1187 Conveniunt,
314 1121 458 1188 stratoque
472 1132 560 1188 snper
573 1054 762 1169 discumbitur
775 1120 860 1170 ostro.

102 1195 182 1252 Dent
196 1193 296 1253 samnli
311 1190 445 1249 manibus
458 1190 468 1247 l
480 1189 602 1266 'mphaq
617 1190 812 1266 Cereremque
826 1190 956 1251 canistris

103 1273 284 1348 Expediunt,
299 1270 448 1344 tonsisque
463 1211 558 1326 ierunt
572 1267 709 1325 mantelia
721 1268 807 1326 villis.

104 1350 323 1425 Quinquaginta
336 1349 412 1405 intns
426 1346 554 1420 semnlae,
569 1347 674 1423 quibus
689 1346 788 1404 ordine
802 1348 888 1423 longo
989 1348 994 1354 ’

103 1430 182 1487 Cura
194 1447 305 1505 penum
320 1436 437 1501 struere,
452 1437 482 1484 et
495 1424 617 1482 flammis
631 1424 745 1481 adolere
759 1424 894 1484 Penates.

103 1509 229 1565 Centum
245 1507 317 1580 elice,
332 1505 509 1580 totidemque
523 1522 607 1579 pares
621 1510 705 1560 aetate
719 1501 851 1578 ministri,

104 1585 163 1656 Qui
177 1585 300 1662 dapibus
314 1601 428 1640 mensus
442 1590 562 1640 onerent
575 1589 606 1639 et
617 1580 723 1658 poculo
735 1590 852 1658 ponant

103 1664 134 1722 N
136 1683 169 1721 ec
183 1682 242 1720 non
256 1672 286 1720 et
299 1662 381 1738 Tyrii
394 1680 446 1738 per
459 1661 560 1718 limina
572 1660 640 1718 laeta
652 1659 818 1736 trequentes

103 1738 286 1816 Conuenite,
302 1741 370 1798 toris
381 1740 455 1819 jussi
469 1738 649 1797 discumbere
663 1739 757 1816 pictis.

104 1821 246 1878 Mirantur
257 1821 333 1877 douo
342 1819 468 1891 AEneae3
490 1819 628 1876 mirentur
642 1817 748 1892 Iirlum,

104 1900 329 1975 Flagrantesque
343 1898 391 1955 dei
404 1897 510 1971 vultus,
525 1897 716 1972 simulataque
729 1895 826 1969 verba,

103 1977 285 2055 Pullamqnc,
300 1985 329 2035 et
341 1977 452 2054 p'mtum
466 1994 568 2033 croceo
581 1975 716 2033 velamen
730 1973 861 2033 acantho.

103 2054 255 2133 Praeeipne
270 2055 382 2130 infelix,
396 2055 472 2132 pesti
486 2054 591 2111 devota
604 2054 717 2127 futurre,

104 2135 226 2212 Expleri
241 2143 369 2192 mentem
383 2133 493 2209 nequit,
509 2132 688 2206 ardescitque
701 2129 821 2205 tuendo,

104 2214 273 2287 Phoenissa3
296 2222 325 2271 et
338 2218 428 2290 puero
442 2211 547 2286 pariter
560 2210 701 2285 donisque
716 2216 855 2265 movetur.

105 2292 168 2367 Ille,
183 2293 232 2350 ubi
246 2291 400 2368 complexu
414 2290 519 2347 AEneae
533 2287 667 2363 colloque
680 2287 829 2365 pependit,

104 2372 145 2430 Et
158 2390 294 2447 magnum
309 2369 372 2427 salsi
386 2368 518 2445 implevit
532 2367 668 2442 genitoris
684 2384 819 2441 umorem,

104 2450 249 2525 Reginam
262 2449 343 2527 petit.
386 2447 462 2505 Hrec
476 2447 578 2521 oeulis,
594 2446 656 2504 haec
672 2455 788 2522 pectore
803 2454 874 2522 toto,

104 2530 215 2602 Haeret,
230 2537 260 2587 et
273 2528 416 2585 interdum
432 2525 542 2603 gremio
556 2525 644 2601 fovet,
659 2525 751 2583 inscia
764 2524 843 2583 Dido

105 2608 214 2665 Insidat
228 2614 350 2683 quantus
366 2606 477 2663 misene
491 2605 573 2662 deus.
615 2608 656 2663 At
669 2623 780 2664 memor
791 2603 841 2662 ille

104 2685 206 2743 Matris
221 2685 359 2744 Acideliae
372 2685 510 2762 paulatim
525 2684 640 2742 abolere
655 2684 812 2762 Sychaeum

105 2764 220 2841 Incipit,
235 2774 264 2822 et
277 2764 344 2822 vivo
359 2772 450 2842 tentat
462 2772 635 2840 praevertere
650 2782 746 2821 amore

103 2842 120 2898 J
123 2863 168 2900 em
182 2844 293 2919 pridem
308 2843 416 2900 resides
432 2843 542 2900 animos
553 2843 729 2918 desuetaque
743 2839 838 2898 eorde.

144 2921 300 2996 Postquam
311 2921 403 2996 prima
417 2920 498 2996 quies
512 2921 615 2997 epulis,
630 2936 796 2995 menseque
810 2923 938 2993 remotae,
1057 2971 1060 2977 .

105 3000 237 3057 Crateras
251 3018 370 3074 magnos
385 3008 522 3074 statuunt,
537 3007 567 3057 et
579 3000 648 3057 uine
661 3003 807 3056 coronant.

105 3078 153 3135 Fit
167 3078 302 3154 strepitus
313 3079 406 3153 tectis,
420 3096 580 3154 vocemque
593 3096 646 3155 per
659 3075 754 3154 ampla
766 3073 897 3134 volutant

105 3158 205 3214 Atria:
228 3157 395 3233 dependent
408 3157 506 3234 lychni
520 3155 703 3232 laquearibus
717 3152 811 3212 aureis

107 3236 232 3311 Incensi,
248 3245 277 3294 et
290 3244 405 3294 noctem
419 3235 542 3294 flammis
555 3235 665 3292 funalis
677 3233 806 3290 vincunt.

106 3314 164 3373 Hic
179 3315 278 3392 regine
291 3335 406 3391 gravem
421 3313 542 3391 gemmis
557 3330 683 3390 auroque
695 3310 836 3390 poposcit,

106 3394 299 3470 Implevitqne
314 3413 402 3469 mero,
417 3401 553 3469 poteram,
568 3411 653 3469 quam
668 3390 758 3449 Belus
773 3398 802 3450 et
814 3406 917 3449 omnes
984 3443 990 3451 .

106 3474 133 3531 A
147 3473 222 3531 Belo
236 3474 334 3532 soliti·
363 3473 440 3530 Tum
454 3472 528 3530 facta
541 3470 656 3528 silentia
668 3470 769 3528 tectis:

105 3551 227 3628 Jupiter,
241 3551 403 3630 hospitibus
416 3571 483 3608 nam
498 3556 526 3608 te
540 3550 608 3607 dare
618 3551 686 3627 jura
697 3549 863 3625 loquuntur,

107 3631 196 3688 Hunc
210 3631 309 3689 loetum
322 3631 477 3707 Tyriisque
491 3629 568 3686 diem
583 3628 730 3707 Trojiqne
742 3626 878 3706 profectis

107 3709 183 3767 Esse
198 3709 280 3784 velis,
294 3719 464 3784 nostrosque
477 3707 563 3786 hujus
578 3707 746 3767 meminisse
759 3708 904 3769 minores:
