2400 4178
521 177 679 264 nrnnn'r.
1059 205 1096 266 ss
1176 236 1180 242 -

108 356 167 416 Per
179 357 273 415 varios
287 373 380 432 casus,
394 375 446 434 per
459 363 502 415 tot
515 357 680 416 discrimine
693 374 799 434 rerum,

109 435 272 494 Tendimus
284 435 315 493 in
330 434 456 511 Latium,
473 435 557 493 sedes
571 434 622 493 ubi
635 435 693 494 fata
705 436 818 512 quietus
997 464 1001 472 ·
1034 443 1094 503 200

110 511 292 574 Ostendunt:
313 512 374 572 illic
388 513 431 572 sus
443 532 534 589 regna
546 532 694 589 resurgere
708 514 819 592 Trajan

109 591 231 670 Durate,
246 600 276 650 et
288 599 401 651 vosmet
413 580 505 650 rebus'
506 600 624 668 servate
639 593 784 651 secundis.

149 669 233 729 Talia
245 688 319 729 voce
332 668 426 746 refert,
442 671 574 747 curisque
588 670 755 746 ingentibus
769 689 846 748 eger

110 747 202 824 Spem
214 749 297 808 vultu
310 748 434 822 simulat,
449 749 554 827 premit
568 749 758 807 altum-eorde
772 749 909 809 dolorem.

110 826 157 884 Illi
171 846 202 884 se
215 827 321 905 praedae
336 826 489 902 accingunt
502 826 682 904 dapibusque
695 826 815 887 futuris:
1032 833 1093 891 210
1134 839 1135 842 ’

109 904 238 981 Tergora
251 905 396 983 deripiunt
408 907 505 981 costis,
520 914 549 963 et
562 907 673 963 viscera
682 907 802 965 nudant

109 982 179 1041 Pars
193 984 223 1042 in
236 984 326 1043 truste
337 992 446 1058 secent,
460 984 643 1060 verubusque
657 984 810 1042 trementia
823 985 933 1061 figunt:
1036 993 1038 998 ’

109 1061 219 1122 Littore
234 1062 328 1120 ahena
340 1061 437 1119 locant
450 1061 508 1135 ulii,
523 1060 711 1138 flammasque
725 1062 896 1122 ministrant

109 1139 187 1197 Tum
202 1138 282 1198 victu
295 1148 433 1198 revocant
445 1140 521 1198 vires
532 1159 540 1213 ;
561 1138 677 1217 fusique
690 1159 743 1217 per
755 1140 875 1199 herbam

109 1216 271 1293 Implentur
283 1217 388 1277 veteris
402 1217 514 1291 Bacchi
526 1217 822 1294 pinguisqueserinae.
1032 1223 1090 1280 21⁶

148 1295 307 1371 Postquam
322 1302 457 1371 exempta
470 1295 561 1352 fames
576 1295 679 1372 epulis,
694 1315 861 1374 mensaeque
874 1305 1002 1376 remotoe,
1043 1341 1045 1343 ·

108 1374 241 1432 Amissos
254 1373 342 1451 longo
356 1374 449 1431 socios
463 1391 596 1430 sermone
610 1373 769 1449 requirunt,

108 1452 256 1528 Spemque
270 1447 440 1529 metumque
454 1453 529 1509 inter
543 1450 633 1526 dubii,
649 1470 700 1509 seu
713 1452 813 1511 vivere
826 1454 953 1531 credaut,

109 1530 178 1588 Sive
193 1538 322 1613 extrema
334 1531 404 1609 pati,
419 1548 475 1588 nec
485 1531 547 1608 jam
561 1531 699 1588 exaudire
712 1539 838 1591 vocatos.

107 1607 259 1686 Praecipue
273 1609 340 1687 pius
354 1609 465 1667 AEneas
478 1627 556 1667 nunc
572 1609 643 1667 acris
658 1608 770 1685 Oronti,
1033 1615 1092 1671 220

108 1686 140 1745 N
140 1705 198 1745 unc
212 1687 319 1764 Amyci
332 1706 430 1744 casum
445 1687 544 1762 gemit,
560 1694 589 1746 et
602 1687 730 1745 crudelia
743 1707 842 1747 secum
1011 1691 1014 1697 ’

108 1764 183 1822 Fata
196 1763 279 1842 Lyci,
294 1764 455 1841 fortemque
470 1764 564 1841 Gyan,
578 1765 739 1841 sortemque
753 1766 938 1825 Cloanthum.

148 1843 189 1902 Et
199 1845 261 1920 jam
275 1842 341 1901 finis
354 1851 424 1918 erat,
439 1862 528 1919 quum
541 1842 654 1919 Jupiter
668 1843 775 1902 aethere
789 1864 902 1903 summo

108 1920 283 1999 Despiciens
296 1940 376 1980 mare
388 1921 554 1995 velivolum,
569 1929 715 1996 terrasque
725 1924 867 2001 jacentes,

107 1999 285 2078 Littoraque,
301 2008 331 2059 et
343 2001 416 2059 latos
429 2000 562 2078 populos,
577 2000 619 2058 sic
632 2000 821 2060 verticecoeli
891 1992 896 2008 '
1033 2006 1092 2061 225

108 2077 254 2155 Constitit,
269 2088 299 2139 et
308 2078 410 2156 Libyae
425 2079 531 2137 defixit
540 2078 650 2157 lumina
662 2079 767 2156 regnis.

107 2159 204 2235 Atque
217 2158 300 2217 illum
313 2157 385 2217 tales
396 2160 555 2237 jactantem
569 2165 688 2235 pectore
701 2177 784 2217 curas

108 2235 239 2313 Tristior,
254 2245 284 2297 et
296 2236 431 2314 lacrymis
444 2237 544 2296 oculos
558 2236 668 2295 suffusa
680 2237 815 2313 nitentes,

107 2315 275 2393 Alloquitur
287 2315 408 2374 Venus:
431 2317 457 2376 Ο
472 2317 523 2392 qui
536 2335 581 2374 res
594 2315 807 2393 hominumque
821 2313 967 2395 deirmque

107 2394 238 2454 AEternis
251 2394 328 2470 regis
341 2395 481 2471 imperiis,
496 2402 525 2452 et
537 2394 659 2452 fulmine
673 2402 772 2470 terres,
988 2453 991 2457 ,
1032 2396 1091 2453 230
1126 2454 1130 2461 Δ

79 2504 82 2511 ·
109 2472 189 2543 Quid
203 2491 286 2531 meus
300 2472 412 2532 AEneas
425 2473 456 2530 in
470 2482 499 2531 te
514 2473 694 2530 committere
707 2480 828 2547 tanturn,

110 2551 189 2621 Quid
203 2550 297 2608 Troes
332 2547 440 2624 otuire,
455 2549 559 2626 quibus
573 2558 615 2609 tot
627 2550 728 2608 lunera
740 2551 833 2628 passis

109 2630 240 2687 Cunctus
254 2627 291 2684 ob
306 2569 420 2684 ltaliam
434 2634 573 2684 terrarum
588 2627 731 2685 clauditur
744 2627 843 2686 orbis?

109 2704 197 2766 Certe
211 2706 281 2765 hinc
293 2704 443 2763 Romanos
457 2703 526 2762 olim
539 2704 723 2761 volventibus
737 2705 819 2763 sunia

109 2786 188 2844 Hinc
202 2784 268 2844 sore·
277 2783 420 2858 ductores,
434 2791 567 2841 revocato
581 2801 598 2839 a
611 2783 752 2857 sanguine
766 2782 882 2858 Teucri,
1034 2785 1093 2841 235

110 2863 170 2936 Qui
184 2883 272 2938 mare,
287 2861 339 2940 qui
351 2868 440 2920 terres
455 2861 534 2919 omni
548 2860 657 2919 ditione
671 2868 811 2935 tenerent,
1132 2860 1136 2865 ’

108 2943 279 3002 Pollicitus:
301 2959 367 3018 quae
382 2948 421 3016 te,
436 2940 556 3017 genitor,
572 2939 716 2997 sententia
728 2939 834 2998 vertit?

109 3023 176 3081 Hoc
190 3021 326 3099 equidem
341 3037 475 3078 occasum
490 3018 586 3097 Trojre
600 3018 752 3093 tristesque
765 3017 862 3078 ruinas

110 3101 238 3176 Solebar,
252 3100 317 3174 satis
332 3098 474 3157 contraria
486 3097 545 3156 fata
556 3097 727 3174 rependens

108 3181 198 3240 Nunc
212 3179 314 3239 eadem
328 3177 443 3237 fortuna
455 3177 532 3235 viros
545 3184 588 3234 tot
602 3174 717 3234 casibus
731 3183 810 3234 actos
995 3205 998 3210 ·
1033 3177 1092 3232 240

110 3258 294 3335 Insequitur:
315 3273 405 3333 quern
419 3256 470 3314 das
484 3255 583 3331 tinem,
597 3273 649 3314 rex
662 3272 776 3330 magne,
789 3251 943 3314 laborum?

109 3340 240 3397 Antenor
252 3335 357 3414 potuit,
370 3334 474 3393 mediis
488 3333 605 3411 elapsus
615 3332 747 3407 Achivis,

76 3482 80 3488 ,
110 3417 243 3494 Illyricos
256 3421 406 3492 penetrare
420 3413 500 3471 sinus
514 3420 600 3488 utque
613 3411 717 3470 intima
729 3418 808 3470 tutus

109 3498 215 3573 Regna
227 3493 429 3568 Libnmorum,
443 3500 473 3550 et
485 3490 594 3550 fontem
607 3508 742 3569 superare
754 3487 882 3563 limavi,

109 3575 199 3637 Unde
212 3591 265 3651 per
278 3590 328 3629 ore
340 3587 446 3630 novem
460 3577 542 3628 vesto
555 3588 623 3628 cum
636 3586 783 3628 murmure
797 3565 903 3625 montis
1031 3566 1092 3624 245

110 3655 139 3713 It
152 3670 230 3711 mare
243 3657 421 3728 proruptum,
432 3657 466 3707 ,et
477 3649 580 3724 pelago
592 3646 698 3726 premit
712 3665 780 3719 srva
792 3644 913 3719 sonanti.

110 3731 171 3792 Hic
184 3739 282 3790 tumen
295 3728 345 3788 ille
358 3726 460 3787 urbem
469 3725 571 3786 Patavi
585 3727 727 3804 aedesque
740 3723 848 3782 locavit
