2400 4178
112 233 131 288 6
462 229 745 288 Bucomcoatm

112 379 242 454 Ndram3
264 379 306 439 sic
318 380 414 458 parvis
428 398 602 457 componere
616 399 721 455 magna
733 379 871 440 solebam.

113 456 227 518 Verum
240 459 304 516 brec
317 455 429 517 tantum
444 458 514 515 alias
526 458 603 515 inter
616 467 703 534 caput
716 458 819 517 extulit
831 459 928 537 mbes,
1055 466 1097 520 25

115 534 265 611 Quantirm
278 537 357 594 lenta
370 536 465 594 solent
477 537 552 593 inter
565 536 688 595 viburna
699 537 837 614 cupressi.

516 673 688 716 uaeramus.

112 736 154 796 Et
167 755 231 814 quie
244 742 323 796 tanta
335 735 390 796 tuit
401 733 528 794 Romam
542 735 595 794 tibi
608 755 696 795 causa
708 735 849 796 videndi?

499 878 503 886 ·
529 877 671 917 rrrrnua.

47 975 51 982 -
111 937 260 997 Libertas:
282 957 355 1015 que,
370 957 442 1014 sera,
456 946 554 996 tamen
568 938 696 1014 respexit
708 938 841 1015 inertem,

111 1017 269 1075 Candidior
281 1025 433 1094 postquam
444 1017 576 1075 tondenti
589 1016 679 1074 barba
690 1016 829 1075 cadebat:

110 1095 255 1172 Respexit
268 1104 374 1171 tamen,
390 1105 419 1154 et
432 1095 518 1171 longo
531 1092 598 1172 pbst
610 1096 845 1172 tempore‘venit,

39 1218 43 1227 .
109 1172 267 1250 Postquam
280 1193 334 1232 nos
347 1174 503 1250 Amaryllis
516 1173 614 1250 babet,
628 1174 751 1232 Galatea
763 1174 887 1250 reliquit

109 1252 256 1328 Namque,
269 1252 381 1310 fatebor
394 1253 482 1328 enim,
497 1253 566 1310 dum
580 1271 627 1310 me
642 1253 763 1311 Galatea
776 1252 903 1328 tenebat,

109 1330 142 1390 N
143 1348 176 1389 ec
190 1349 256 1406 spes
269 1331 408 1390 libertatis
423 1340 563 1407 erat,·nec
576 1350 645 1390 cura
657 1328 772 1407 peculi:

111 1409 253 1480 Quamvis
267 1410 357 1468 multa
370 1411 443 1468 meis
458 1410 551 1468 exiret
563 1409 681 1468 victima
695 1409 793 1484 septis,

110 1487 232 1563 Pinguia
246 1496 276 1547 et
289 1489 406 1564 ingratae
419 1497 597 1565 premeretur
610 1506 712 1545 caseus
725 1486 799 1563 urbi,

109 1565 141 1626 N
142 1584 180 1623 on
194 1585 320 1644 unquam
333 1567 427 1643 gravis
441 1585 499 1624 oere
513 1567 631 1624 domum
645 1565 717 1624 mihi
731 1567 833 1625 denua
845 1565 965 1625 redibat.

511 1704 683 1743 annuamus.

108 1763 246 1839 Mirabar,
261 1764 331 1841 quid
344 1771 447 1822 moesta
461 1764 542 1840 deos,
556 1764 707 1841 Amarylli,
721 1782 858 1838 vocares;

108 1841 166 1901 Cui
178 1842 306 1919 pendere
320 1843 373 1901 aui
386 1843 526 1920 patereris
539 1845 570 1902 in
585 1843 684 1902 arbore
698 1862 802 1921 poma:

108 1919 227 1997 Tityrus
240 1920 309 1979 binc
324 1921 429 1980 aberat
473 1922 548 1999 Ipsae
562 1931 601 1998 te,
615 1923 726 1999 Tityre,
740 1923 836 1999 pinus,

108 1998 169 2079 lpsi
182 2007 210 2058 te
224 1999 329 2076 sontes,
342 2001 405 2077 ipsa
417 2000 481 2059 haec
496 1999 619 2076 arbusta,
633 2001 784 2060 vocabant

528 2138 668 2178 ursanus.
759 2138 761 2143 ’

107 2198 188 2269 Quid
201 2193 346 2256 facerem?
368 2217 463 2276 neque
477 2199 594 2257 servitio
607 2217 656 2257 me
669 2199 749 2257 exire
762 2197 878 2276 licebat,

104 2277 137 2336 N
139 2295 173 2334 ec
186 2285 245 2335 tam
258 2285 415 2354 praesentes
430 2277 498 2336 alibi
512 2296 686 2352 cognoscere
700 2278 791 2335 divos.

106 2353 167 2413 Hic
180 2355 262 2413 illum
275 2355 336 2414 vidi
346 2358 498 2434 juvenem,
513 2356 664 2432 Meliboee,
679 2355 833 2434 quotannis
888 2377 890 2383 ·

105 2433 158 2492 Bis
173 2452 258 2491 senos
272 2434 319 2491 cui
333 2442 431 2492 nostra
443 2435 506 2492 dies
520 2434 619 2494 altaria
632 2435 750 2493 fumant

105 2510 165 2570 Hic
179 2511 252 2569 mibi
265 2531 435 2588 responsum
448 2514 558 2590 primus
574 2513 654 2572 dedit
666 2513 716 2571 ille
729 2513 858 2590 petenti:

105 2588 231 2666 Pascite,
246 2599 278 2648 ut
290 2588 369 2667 ante,
383 2591 484 2667 boves,
499 2593 598 2669 pueri,
621 2591 779 2651 submittite
793 2600 898 2650 tauros.

509 2729 682 2769 ornaremus.

104 2787 263 2848 Fortunate
277 2791 385 2848 senex!
408 2807 476 2866 ergo
489 2798 539 2848 tua
552 2810 617 2848 rura
629 2788 803 2862 manebunt!

31 2887 36 2895 ·
104 2865 147 2927 Et
160 2867 212 2926 tibi
226 2887 331 2945 magna
344 2865 422 2944 satis,
437 2869 567 2944 quamvis
580 2869 654 2945 lapis
667 2868 765 2926 omnia
777 2867 872 2925 nudus

104 2945 280 3023 Limosoque
292 2947 376 3024 palus
390 2946 514 3006 obducat
526 2966 633 3023 pascua
642 2949 750 3024 junco:

105 3025 175 3083 Non
189 3026 303 3084 insueta
316 3044 417 3100 graves
430 3025 583 3084 tentabunt
593 3025 700 3103 pabule
712 3024 805 3100 foetas,

104 3103 136 3162 N
138 3122 171 3161 ec
185 3104 261 3162 mala
273 3104 363 3162 vicini
375 3105 489 3180 pecoris
502 3104 635 3179 contagia
647 3103 762 3161 laedent.

104 3181 263 3241 Fortunate
278 3186 385 3243 senex!
407 3181 466 3259 bic,
480 3183 557 3241 inter
568 3182 688 3240 flumina
703 3189 771 3239 nota

67 3322 70 3330 ,
105 3261 148 3320 Et
159 3260 254 3320 fontes
268 3279 372 3337 sacros,
386 3261 475 3338 frigus
489 3259 617 3338 captabis
634 3279 766 3337 opacum.

105 3339 185 3399 Hinc
199 3340 261 3417 tibi,
276 3359 340 3417 quae
354 3359 468 3418 semper
480 3340 576 3399 vicino
591 3339 626 3397 ab
640 3339 732 3397 limite
746 3356 830 3418 sepes

105 3414 238 3496 Hyblaeis
253 3419 355 3496 apibus
368 3418 469 3477 florem
483 3419 602 3496 depasta
615 3417 716 3494 salicti,

106 3494 191 3575 Saepe
206 3498 264 3555 levi
279 3517 411 3556 somnum
425 3498 558 3556 suadebit
570 3498 643 3555 inire
658 3515 789 3570 susurro;
879 3500 883 3507 '

105 3576 186 3636 Hinc
200 3576 258 3635 altri
272 3578 326 3636 sub
339 3596 411 3655 rupe
424 3586 509 3636 canet
521 3577 667 3635 frondator
680 3577 715 3636 ad
730 3593 829 3634 auras:
958 3639 960 3642 ¹

104 3656 137 3716 N
138 3675 172 3715 ec
185 3663 283 3716 tamen
296 3657 407 3715 interea
420 3661 523 3732 raucae,
537 3664 588 3715 tua
601 3674 678 3732 cura,
692 3653 855 3733 paiumbes,

105 3734 172 3796 Nec
186 3753 302 3814 gemere
317 3735 396 3794 aerii
408 3735 534 3814 cessabit
545 3743 637 3796 turtur
650 3733 686 3794 ab
699 3733 791 3794 ulmo.
