2400 4178
513 218 631 275 marn
649 219 672 274 1.
714 196 717 201 ’

107 368 190 428 Cana
202 369 303 442 Fides,
318 377 347 428 et
359 368 460 445 Vesta,
474 369 571 427 Remo
585 388 652 427 cum
666 368 750 427 fratre
766 369 917 448 Quirinus,

105 447 177 506 Jura
190 448 315 507 dabunt:
338 448 407 505 dirae
420 447 494 505 serro
509 457 538 504 et
551 447 740 524 compagibus
754 448 840 511 arctis

109 525 289 584 Claudentur
302 525 380 584 Belli
392 534 482 602 portae
496 545 502 582 :
525 526 619 583 Furor
631 525 736 603 impius
750 527 838 601 intus,

109 604 194 661 Saeva
208 605 311 680 sedens
326 623 514 682 superam,
529 614 559 662 et
572 612 690 662 centum
703 605 816 680 vinctus
830 605 931 663 ahenis
1029 611 1087 665 295

90 685 93 689 '
107 682 179 741 Post
191 689 304 759 tergum
318 683 411 759 nodis,
425 681 528 741 fremet
542 682 676 741 horridus
690 702 739 740 ore
753 691 880 741 cruento.

147 761 221 819 Haec
237 763 292 835 ait;
315 768 344 819 et
356 760 438 819 Mais
452 760 581 837 genitum
597 761 722 819 demittit
735 761 771 818 ab
786 761 852 837 alto,

107 839 151 901 Ut
162 848 254 915 terrae,
269 849 358 916 utque
371 859 454 898 novae
467 847 585 917 pateant
598 839 780 914 Carthaginis
796 859 876 898 arces

108 918 243 996 Hospitio
257 919 395 991 Teucris,
417 918 520 975 nefati
533 917 632 975 nescia
645 917 723 974 Dido
940 932 943 936 ·

107 996 230 1054 Finibus
245 1006 361 1055 arceret.
403 995 493 1053 Volat
504 994 554 1053 ille
567 1013 619 1073 per
632 1000 700 1054 adra
712 992 853 1071 magnum

107 1075 244 1151 Remigio
258 1075 378 1150 alarum,
393 1092 426 1131 ac
440 1073 542 1149 Libyae
556 1074 629 1132 citus
644 1074 751 1132 adstitit
764 1073 830 1132 oris.

109 1153 150 1210 Et
159 1155 220 1231 jam
230 1156 312 1231 jussa
322 1152 408 1210 facit:
428 1161 596 1229 ponuntque
605 1152 717 1216 ‚ferocia
730 1153 823 1210 Poeni'

109 1231 214 1306 Corda,
228 1231 344 1290 volente
359 1230 430 1288 deo:
452 1230 595 1306 inprimis
609 1231 708 1305 regina
721 1231 851 1306 quietum

107 1309 224 1388 Accipit
237 1309 268 1368 in
282 1310 411 1367 Teucros
426 1309 553 1366 animum
567 1317 753 1384 mentemque
767 1309 931 1385 benignam.

147 1392 187 1446 At
199 1389 266 1466 pius
280 1389 402 1463 AEneas,
416 1395 593 1464 pernoctem
607 1386 730 1463 plurima
744 1386 873 1462 volvens,

107 1466 150 1528 Ut
162 1466 287 1544 primum
301 1467 353 1524 lux
367 1466 442 1524 alma
455 1467 588 1541 data-est,
603 1465 693 1542 exire,
708 1465 846 1542 locosque

107 1546 268 1623 Explorare
281 1565 382 1622 novos,
396 1565 468 1621 quas
482 1553 570 1603 vento
584 1545 737 1602 accesserit
751 1564 823 1621 oras,
902 1611 905 1615 ‚
1046 1619 1049 1623 ι

108 1626 169 1696 Qui
183 1633 309 1700 teneant,
323 1644 390 1682 nam
405 1624 513 1683 inculta
525 1624 614 1699 videt,
628 1623 810 1700 hominesne,
825 1623 942 1701 seraene,

109 1703 248 1774 Quaerere
263 1704 418 1778 constituit,
434 1703 577 1778 sociisque
591 1711 693 1760 exacta
706 1703 819 1761 referre.

59 1819 62 1823 »
109 1782 241 1840 Classem
255 1781 286 1838 in
300 1800 431 1839 convexo
446 1800 606 1855 nemorum,
621 1780 675 1839 suh
689 1801 760 1859 rupe
774 1781 883 1858 cavati,

108 1859 267 1919 Arboribus
281 1859 408 1917 clausam
421 1856 531 1917 circum
545 1867 630 1934 atque
644 1859 826 1918 horrentibus
839 1860 959 1935 umbris,
1015 1892 1017 1896 ·

109 1939 243 1998 Occulit:
265 1938 327 2016 ipse
341 1957 400 1996 uno
414 1938 545 2014 graditur·
554 1938 706 2005 comitatus
720 1939 843 2015 Achate,

108 2018 185 2076 Bina
198 2036 286 2075 manu
296 2016 353 2075 lato
365 2017 492 2093 crispans
506 2016 621 2073 hastilia
636 2016 720 2075 ferro.

108 2096 168 2155 cui
182 2104 273 2154 mater
287 2096 383 2153 medii
397 2114 461 2154 sese
475 2095 542 2154 tulit
555 2094 640 2153 obvia
654 2096 736 2173 silva,

107 2175 237 2251 Virginis
251 2192 283 2232 os
296 2174 486 2251 habitumque
500 2170 613 2251 gerens,
627 2183 657 2233 et
669 2174 788 2251 virginis
804 2193 882 2232 arma
1029 2177 1091 2233 315

109 2253 275 2329 Spartanae3
297 2253 345 2311 vel
358 2253 452 2329 qualis
466 2270 556 2330 equos
570 2252 710 2311 Threissa
722 2253 823 2329 fatigat

108 2332 283 2409 Harpalyce,
297 2331 503 2409 volucremque
516 2331 584 2407 lugd
597 2331 777 2409 praevertitur
791 2331 914 2390 Eurum.

108 2409 245 2485 Namque
259 2408 386 2468 humeris
400 2411 437 2467 de
451 2406 529 2467 more
543 2408 670 2467 habilem
684 2410 873 2486 suspenderat
887 2427 984 2468 arcum

108 2487 261 2561 Venatrix,
275 2488 451 2562 dederatque
466 2505 578 2544 comam
593 2486 756 2545 diffundere
769 2487 881 2560 ventis;
915 2491 918 2495 ’

109 2564 199 2637 Nuda
212 2582 298 2638 genu,
312 2565 446 2638 nodoque
461 2563 541 2620 sinus
555 2564 677 2622 collecta
689 2562 830 2623 fluentes(
1034 2567 1091 2621 320

109 2643 154 2698 Ac
167 2641 262 2717 prior:
285 2640 379 2715 Heus,
394 2639 496 2714 inquit,
508 2641 642 2717 juvenes,
659 2639 815 2699 monstrate
830 2660 960 2699 mearum

109 2719 232 2784 Vidistis
247 2719 271 2777 si
285 2734 373 2793 quam
387 2715 437 2775 hic
452 2724 595 2774 errantem
609 2715 681 2776 sorte
696 2737 836 2793 sororum,

111 2797 297 2855 Succinctam
310 2795 445 2874 pharetris
459 2802 489 2853 et
502 2795 658 2853 maculosae
673 2795 799 2872 tegmine
813 2796 915 2872 lyncis,

108 2877 170 2935 Aut
184 2875 345 2952 spumantis
360 2874 420 2951 apri
435 2893 550 2932 cursum
566 2874 692 2932 clamore
705 2882 894 2951 prementem.

112 2955 160 3013 Sic
174 2954 296 3027 Venus3
319 2961 348 3012 et
361 2953 488 3012 Veneris
502 2949 603 3011 contra
617 2954 659 3011 sic
673 2953 749 3011 filius
764 2973 862 3010 orsus·
1034 2956 1092 3010 325

107 3032 200 3093 Nulla
213 3041 327 3091 tuarum
341 3032 439 3091 audita
451 3031 524 3090 mihi
537 3051 633 3108 neque
646 3032 709 3090 visa
722 3051 861 3106 sororum,

109 3113 146 3186 O,
161 3130 247 3187 quam
262 3119 290 3170 te
304 3113 488 3176 memorem?
508 3111 608 3186 virg03
630 3130 756 3187 namque
770 3111 849 3168 haud
863 3109 915 3168 tihi
928 3109 1026 3168 vultus

109 3190 250 3264 Mortalis,
265 3209 320 3248 nec
333 3210 391 3248 vox
405 3187 555 3248 hominem
569 3198 670 3264 sonat3
693 3187 779 3248 o'dea
793 3186 888 3262 cert63

108 3271 157 3328 An
171 3268 277 3327 Phoebi
292 3287 379 3343 soror,
395 3287 430 3327 an
445 3268 651 3349 Nympharum
665 3269 812 3344 sanguinis
826 3270 905 3326 una?

111 3348 158 3415 Sis
168 3345 252 3422 ¹felix,
266 3355 452 3422 nostrumque
466 3347 556 3422 leves,
591 3366 774 3424 uaecumque,
788 3346 933 3418 lahorem3
1035 3345 1092 3399 330

109 3424 152 3484 Et
164 3437 221 3500 quo
236 3424 377 3487 sub'coelo
391 3425 519 3501 tandem,
535 3366 640 3502 quihus
655 3426 732 3484 orbis
743 3428 772 3483 in
788 3425 844 3483 oris
1107 3447 1111 3451 ’

108 3504 267 3579 Jactemur,
283 3502 407 3561 doceas:
431 3503 524 3580 ignari
537 3504 750 3580 hominumque
763 3504 952 3578 locorumque

109 3583 259 3656 Erramus,
273 3589 360 3641 vento
375 3581 433 3640 huc
447 3590 476 3641 et
490 3585 579 3642 vastis
593 3583 728 3642 fluctibus
743 3581 807 3640 acti.

109 3661 208 3722 Multa
220 3661 273 3719 tibi
287 3669 353 3719 ante
368 3679 430 3718 aras
442 3663 541 3720 nostri
555 3663 640 3721 cadet
651 3663 748 3720 hostia
760 3658 871 3719 dextri.

149 3739 227 3802 Tum
238 3740 358 3805 Venus:
378 3738 469 3803 'Haud
481 3741 616 3824 equidem
629 3742 680 3806 tali
693 3760 741 3803 me
753 3740 855 3817 dignor
867 3725 994 3798 honore:
1035 3735 1096 3794 335,
