2370 4176
98 192 139 269 aa
451 146 732 263 uubomconnu

224 399 226 403 ¹
515 396 665 437 conrnors.

100 459 229 538 Populus
239 459 352 518 Alcidae
366 459 535 535 gratissima,
550 459 617 516 vilis
632 454 749 534 Iaccho,

100 531 247 596 Formosa
261 544 370 614 myrtus
384 537 504 611 Veneri,
519 555 570 594 sua
582 537 680 594 laurea
693 534 823 595 Phoeho:

100 616 213 693 Phyllis
228 624 303 673 amat
316 614 446 692 corylos;
468 615 531 673 illas
546 616 614 672 dum
628 614 741 691 Phyllis
755 614 871 690 amabit,

99 695 131 766 N
132 714 166 752 eo
181 703 290 770 myrtus
303 693 401 752 vincet
415 693 536 770 corylos,
551 711 606 750 nec
620 692 718 751 laurea
730 693 844 752 Phoebi.

520 829 657 867 ruunsrs

99 889 243 946 Fraxinus
257 891 287 946 in
301 890 381 948 silvis
395 889 599 966 pulcherrima,
613 890 698 965 pinus
712 889 741 948 in
756 889 855 964 hortis,

99 967 228 1042 Populus
243 969 272 1024 in
287 968 391 1042 fluviis,
404 968 483 1025 abies
497 968 527 1024 in
541 967 687 1026 montibus
701 967 781 1026 allis:

101 1043 214 1121 Sepihs
226 1054 254 1103 at
267 1048 292 1102 si
306 1065 362 1121 me,
377 1047 488 1122 Lycida
501 1046 635 1120 formose,
649 1047 766 1121 revisas,

99 1123 244 1198 Fraxinus
258 1125 288 1181 in
299 1125 378 1182 silvis
393 1125 477 1183 cedat
490 1122 551 1198 tibi,
566 1124 651 1200 pinus
665 1125 695 1181 in
705 1124 804 1183 hortis.
903 1180 909 1191 ,

99 1316 175 1376 Haeo
186 1311 317 1395 memini,
333 1321 480 1378 etviotum
494 1260 784 1378 spuuspyppppiendm
797 1319 933 1396 Thyrsin.

103 1395 168 1472 [Ex
181 1397 231 1455 illo
246 1399 381 1478 Corydon
396 1400 531 1475 Corydon
546 1406 733 1486 estlempore
747 1396 856 1475 nohis]

387 1741 646 1818 ECLOGA
660 1741 784 1816 VIII.

317 2004 320 2010 ·
394 2007 516 2066 pansos,
533 2007 776 2055 nurunsmmus.
824 2066 826 2070 Α

97 2098 265 2159 Pssroausr
279 2119 390 2158 musam
404 2102 545 2158 Damonis
559 2109 589 2158 et
602 2098 793 2177 Alphesiboei,

98 2177 256 2235 Immemor
268 2177 421 2236 herbamin
435 2198 507 2255 quos
521 2188 565 2236 est
579 2179 680 2236 mirata
689 2180 816 2256 juvenca

98 2256 259 2330 Certantes,
273 2276 395 2332 quorum
408 2257 572 2334 stupefactae
587 2258 713 2314 carmine
727 2255 836 2332 lyncea,

98 2333 141 2391 Et
153 2343 260 2392 mutate
273 2354 346 2393 suos,
354 2333 519 2410 requierunt
531 2335 651 2392 flumina
664 2354 779 2407 cursus;

98 2411 240 2470 Damonis
254 2433 365 2471 musam
379 2414 508 2471 dicemus
520 2423 548 2472 ct
562 2412 751 2491 Alphesiboei.

137 2491 185 2548 Tu
199 2491 280 2565 mihi,
295 2511 346 2550 seu
360 2493 457 2567 magni
471 2512 588 2569 superas
597 2495 660 2571 jam
676 2511 746 2549 saxa
758 2491 884 2567 Timavi,

100 2568 168 2626 Sive
182 2588 261 2626 oram
277 2570 385 2646 Illyrici
398 2571 426 2628 le
447 2570 471 2628 is
485 2571 623 2647 aequoris3
645 2590 682 2629 eu
696 2571 750 2628 erit
763 2590 889 2647 unquam

99 2645 155 2704 Ille
168 2648 239 2722 dies,
254 2649 327 2706 mihi
341 2591 528 2724 quumgliceat
541 2659 592 2708 tua
604 2651 701 2708 dicere
713 2648 811 2708 sacta?

98 2723 147 2782 En
162 2726 224 2801 erit,
240 2735 271 2784 ut
283 2727 369 2785 liceat
381 2735 475 2787 totum
487 2729 559 2787 mihi
572 2730 646 2787 serre
660 2748 712 2805 per
724 2728 835 2786 orbem.

100 2802 169 2860 Sola
183 2805 346 2882 Sophocleo
361 2817 410 2866 tua
423 2809 549 2881 carmina
563 2805 650 2883 digha
663 2806 824 2863 cothurno?

98 2882 126 2939 A
140 2891 169 2941 te
182 2884 372 2960 principium
394 2885 447 2942 tibi
461 2886 592 2943 desinet:
616 2884 714 2961 accipe
725 2884 813 2960 jussis
913 2951 923 2960 J

98 2960 235 3018 Carmina
248 2970 341 3038 coepta
354 2963 420 3037 tuis,
436 2971 520 3038 atque
534 2964 609 3019 hanc
624 2963 686 3034 sine
700 2969 829 3038 tempora
843 2962 950 3020 circum

99 3038 179 3096 Inter
191 3041 324 3097 victrices
337 3039 474 3098 hederam
488 3040 540 3098 tibi
554 3041 668 3116 serpere
681 3039 785 3097 lauros.
851 3066 854 3072 ·

137 3117 255 3192 Frigida
268 3119 319 3176 vix
332 3118 406 3175 coelo
421 3119 513 3176 noctis
528 3120 690 3176 decesserat
703 3117 813 3193 umbra,
1155 3187 1158 3197 Ι

99 3194 199 3265 Quam
213 3215 258 3254 ros
272 3195 303 3252 in
316 3197 414 3254 tenera
428 3197 526 3274 pecori
539 3197 715 3272 gratissimus
729 3196 829 3273 herba,
1019 3199 1022 3205 ’
1044 3203 1080 3256 15

99 3273 274 3332 Incumbens
287 3274 371 3332 tereti
380 3275 496 3333 Damon
511 3275 552 3334 sic
566 3275 655 3351 coepil
666 3275 768 3333 olivae:
965 3296 967 3300 ·

137 3353 276 3428 Nascere,
290 3373 407 3431 praeque
422 3354 498 3411 diem
512 3353 634 3428 veniens
647 3372 710 3430 age,
725 3355 850 3431 Lucifer,
865 3355 989 3430 almum;
1080 3415 1083 3420 ,

99 3432 239 3510 Conjugis
252 3433 370 3508 indigno
384 3433 467 3491 Nisae
480 3433 617 3509 deceptus
631 3451 728 3490 amore
796 3489 799 3494 .

98 3510 178 3568 Dum
193 3530 304 3588 queror,
320 3520 349 3569 et
362 3510 443 3570 divos
461 3505 640 3588 (quanquam
654 3511 694 3584 nil
708 3511 830 3569 testibus
843 3510 901 3570 illis

98 3587 226 3668 Proieci)
245 3590 373 3648 extremi
388 3591 513 3648 moriens
528 3599 624 3648 tamen
637 3589 765 3667 alloquor
777 3590 857 3660 hori.
903 3592 907 3598 ’
1042 3594 1081 3648 20

99 3666 201 3747 Incipe
215 3669 369 3727 Maenalios
383 3689 508 3746 mecum,
523 3687 589 3734 mea
601 3667 681 3744 tibia,
695 3687 806 3729 versus.
1063 3689 1064 3692 ’
