2400 4178
514 197 629 261 aman
645 205 683 260 X.

109 351 190 413 Pone
206 372 338 432 sequens,
352 352 454 415 dextra
467 353 589 430 puppim
600 362 688 432 tenet,
701 354 821 433 ipsaque
834 356 917 415 dorso
993 351 995 363 '

47 441 50 447 '
110 432 238 508 Eminet,
254 451 287 491 ac
300 432 376 490 laevia
388 431 482 491 tacitis
496 432 669 508 subremigat
681 435 774 493 undis
938 502 941 509 ,

110 512 187 569 Turn
201 512 242 570 sic
256 513 386 588 ignarum
400 510 569 587 alloquitur:
591 513 752 589 vigilasne,
765 512 852 571 desim
866 532 947 591 gens,

110 590 224 648 AEnea?
245 590 342 666 vigila,
357 598 386 648 et
398 590 470 648 velis
483 591 606 665 immitte
619 593 762 650 rudentes.

109 669 173 727 Nos
188 689 284 728 sumus
299 669 386 727 Idaese
401 688 480 727 sacro
493 669 531 727 de
543 671 652 728 vertice
663 671 759 749 pinus,
1026 676 1087 730 230.

109 748 198 807 Nunc
211 748 306 825 pelagi
320 747 478 826 Nymphae,
492 748 589 808 classis
602 757 660 807 tua.
702 751 832 809 Perfidus
846 758 879 810 ut
890 770 944 810 nos
985 800 988 808 .

109 827 276 906 Praecipites
288 827 361 885 serro
375 826 501 886 Rutulus
515 826 687 905 flammrique
700 829 860 906 premebat,

109 907 254 984 Rupimus
269 907 366 964 invitae
381 916 429 964 tua
441 904 569 980 vincula,
583 914 669 982 teque
682 926 734 984 per
748 927 844 984 aequor

111 985 284 1055 Quaerimus.
327 985 413 1043 Hanc
428 984 558 1059 genetrix
572 984 674 1043 faciem
688 987 820 1044 miserata
833 987 940 1064 reiecit,

109 1064 150 1121 Et
163 1065 242 1122 dedit
255 1082 318 1120 esse
332 1064 409 1138 deas,
424 1073 576 1139 oe'vumque
591 1063 695 1139 agitare
709 1064 762 1122 sub
776 1065 871 1123 undis.
1026 1072 1085 1126 235

109 1145 150 1200 At
162 1161 235 1219 puer
247 1142 389 1199 Asconius
403 1160 484 1199 muro
499 1141 639 1218 fossisque
654 1151 766 1219 tenetur
870 1165 874 1174 ·

109 1221 183 1278 Tela
195 1218 270 1279 inter
283 1220 378 1277 medin
392 1229 476 1296 atque
490 1219 637 1279 horrentes
650 1221 747 1280 Marte
760 1222 888 1282 Latinos.

108 1300 125 1356 J
128 1319 173 1357 am
188 1299 251 1357 loca
261 1301 342 1379 jussa
354 1307 454 1357 tenent
466 1298 531 1357 sorti
543 1300 701 1375 permixtus
714 1301 837 1360 Etrusco

108 1381 197 1437 Arcas
212 1398 316 1455 eques:
338 1379 446 1436 medias
460 1377 516 1436 illis
530 1396 676 1455 opponere
690 1389 807 1455 turmas,
822 1450 823 1454 ἵ

107 1459 156 1515 Ne
171 1459 267 1516 castris
277 1460 409 1536 jungant,
424 1465 501 1516 certa
514 1466 558 1514 est
572 1459 715 1516 sententia
728 1459 838 1519 Turno.
988 1453 993 1467 ⁵
1025 1465 1087 1519 240

110 1537 201 1613 Surge
216 1557 285 1613 age;
307 1546 336 1595 et
349 1538 448 1596 auroris
462 1537 554 1595 socios
567 1538 701 1596 veniente
714 1538 811 1596 vocari
856 1557 860 1562 ·

108 1616 220 1673 Primus
234 1617 263 1673 in
278 1635 359 1672 arma
365 1615 454 1695 jube;
476 1624 506 1674 et
518 1616 653 1695 clypeum
666 1635 747 1694 cape,
761 1636 849 1694 quem
863 1617 943 1677 dedit
955 1618 1016 1696 ipse

109 1696 251 1752 Invictum
265 1695 436 1772 ignipotenS,
451 1702 536 1771 atque
543 1715 612 1762 oras
627 1696 725 1754 ambiit
738 1716 818 1754 auro.

108 1774 240 1831 Crastina
252 1773 313 1848 lux,
328 1793 392 1830 mea
405 1775 430 1831 si
443 1793 501 1831 non
515 1774 591 1831 irrita
605 1776 680 1833 dicta
692 1776 809 1853 potiris,

109 1853 244 1927 Ingentes
258 1852 378 1910 Rutulae'
389 1851 529 1930 spectabit
542 1853 629 1933 caedis
644 1872 768 1912 acervos.
1023 1860 1085 1913 245

107 1933 245 2005 Dixerat3
268 1940 297 1989 et
310 1932 410 1989 dextri
424 1932 574 1989 discedens
588 1932 702 2010 impulit
715 1933 811 2008 altam,

108 2011 195 2076 Haud
211 2012 309 2087 ignara
321 2011 409 2087 modi,
423 2011 545 2089 puppim
558 2031 564 2068 :
585 2011 658 2086 fugit
671 2011 720 2070 illa
731 2030 784 2089 per
796 2012 888 2071 undas

109 2091 196 2169 Qoior
209 2101 237 2149 et
247 2089 344 2169 jaculo
359 2098 388 2149 et
401 2099 502 2148 ventos
516 2099 649 2167 sequente
663 2091 772 2166 sagitta.
883 2155 886 2160 ,

108 2169 179 2228 Inde
194 2170 256 2228 oliae
272 2170 397 2228 celerant
410 2189 518 2228 cursus.
562 2171 665 2248 Stupet
677 2171 785 2229 inscius
799 2170 861 2248 ipse

108 2249 180 2307 Tros
193 2250 400 2322 Anchisiades3
422 2250 532 2307 onimos
545 2257 641 2308 tamen
655 2250 750 2308 omine
764 2250 846 2309 tollit
1015 2253 1082 2308 250
1102 2322 1104 2326 ,

110 2328 188 2384 Turn
203 2329 336 2403 breviter,
351 2347 454 2406 supera
468 2329 636 2406 adspectans
650 2349 790 2405 convexa,
802 2336 935 2406 precatur
944 2348 955 2386 :v

148 2406 235 2463 Alma
248 2425 352 2483 parens
367 2407 446 2479 Idaea
459 2402 555 2482 desim,
570 2408 617 2464 cui
630 2407 777 2484 Dindyma
790 2407 877 2482 cordi,

109 2484 327 2560 Turrigeraeque
341 2484 436 2560 urbes,
449 2484 595 2562 bijugique
610 2486 646 2543 ad
659 2486 748 2544 fraena
760 2486 876 2558 leones3
924 2497 927 2503 '

109 2563 156 2619 Tu
171 2563 242 2618 mihi
255 2581 333 2619 nunc
346 2580 450 2638 pugnae
464 2563 606 2639 princeps,
620 2571 651 2620 tu
666 2562 718 2622 rite
733 2565 907 2641 propinques

108 2641 287 2717 Augurium,
309 2640 529 2716 Phrygibusque
544 2642 619 2699 adsis
632 2642 715 2717 pede,
729 2643 817 2718 Diva,
831 2641 968 2700 secundo.
1023 2647 1082 2700 255

109 2721 234 2778 Tantum
248 2719 351 2778 effatus
362 2739 369 2792 ;
392 2728 421 2777 et
433 2718 543 2778 interea
554 2719 683 2777 revoluta
696 2719 796 2778 ruebat

108 2799 223 2858 Mature
233 2801 293 2892 jam
308 2799 371 2856 luce
386 2798 456 2874 dies,
471 2806 643 2875 noctemque
658 2798 779 2874 fugitat.

146 2879 291 2956 Principio
306 2877 390 2936 sociis
404 2877 492 2936 edicit
504 2878 586 2954 signa
598 2886 760 2956 sequantur,

107 2961 204 3037 Atque
219 2954 327 3016 anir'nos
342 2964 440 3034 aptent
453 2957 547 3032 armis,
562 2976 724 3034 pugnaque
737 2961 837 3035 parent
850 2974 892 3015 se.

106 3039 228 3114 Jamque
242 3038 272 3095 in
286 3044 442 3114 conspectu
456 3036 584 3095 Teucros
597 3036 685 3095 habet
698 3044 728 3095 et
740 3055 792 3095 sua
805 3043 906 3112 casua,
992 3034 1089 3094 ’260-
1181 3075 1185 3083 ·

109 3119 193 3175 Stans
207 3117 284 3176 celsi
298 3117 328 3174 in
342 3115 450 3195 puppi;
470 3116 605 3195 clypeum
619 3134 707 3192 quum
721 3115 826 3175 deinde
836 3114 952 3175 sinistra

108 3195 222 3259 Extulit
235 3196 390 3254 ardentem.
432 3195 595 3255 Clamorem
610 3196 646 3253 ad
659 3196 753 3254 sider'a
765 3193 868 3255 tollunt

108 3273 280 3331 Dardanidae
295 3293 312 3331 e
325 3275 432 3349 muris;
454 3294 520 3352 spes
535 3274 630 3333 addita
644 3275 761 3341 suscitat
774 3275 846 3348 iras3
923 3318 925 3320 ψ

108 3352 183 3410 Tela
196 3371 283 3409 mann
293 3352 421 3429 jaciunt:
443 3353 542 3430 quales
555 3352 609 3412 snb
623 3353 748 3412 nubibus
762 3353 828 3412 atris

110 3431 280 3507 Strymoniae
294 3431 457 3505 dantsigna
470 3451 563 3508 grues,
575 3439 659 3509 atque
673 3433 780 3490 aethera
793 3437 907 3489 manant
1023 3433 1084 3487 265

71 3551 76 3556 κ
109 3510 186 3570 Cum
201 3509 304 3584 sonitu,
319 3508 486 3585 fugiuntque
500 3519 583 3570 notos
597 3511 726 3572 clamore⁴
736 3507 872 3568 secundo.
926 3532 927 3535 ¹

107 3591 148 3650 At
160 3587 269 3647 Rutulo
283 3588 344 3664 regi
358 3586 535 3666 ducibusque
546 3609 581 3647 ea
594 3590 666 3648 mira
678 3588 770 3648 videri

88 3696 90 3700 ·
107 3667 261 3740 Ausoniis3
283 3667 375 3724 donec
387 3685 484 3726 versas
498 3668 534 3726 ad
547 3668 642 3726 littora
654 3685 766 3746 puppes
820 3726 822 3730 .

107 3746 289 3827 Respioiunt,
302 3754 451 3822 totumque
464 3746 555 3809 allabi,
563 3747 701 3806 classibus
714 3762 821 3822 equor.
912 3789 917 3794 .
