2400 4178
101 202 160 272 att
504 208 684 269 muarnos

94 365 165 439 ¹Dat
177 363 314 439 gemitum
328 360 431 422 tellus:
452 369 512 420 tum
526 362 639 421 crebros
652 362 768 422 ensibus
781 363 855 422 ictus

105 442 332 518 Congeminant:
354 442 410 500 fors
424 450 453 498 et
466 442 555 500 virtus
569 443 726 500 miscentur
739 443 769 499 in
783 461 882 501 unum.

105 525 149 580 Ac
164 521 241 579 velut
250 520 358 596 ingenti
373 519 442 595 Sila,
457 539 605 580 summove
619 520 765 597 Tabumo‚
1017 525 1077 582 ⁷1⁵

107 599 205 671 Quum
219 600 275 656 duo
289 598 433 657 conversis
447 599 563 657 inimica
574 599 605 656 in
618 599 719 677 proelia
731 599 803 658 tauri

106 674 260 737 Fro'ntihus
273 677 439 749 incurrunt3
463 678 560 754 pavidi
574 676 686 735 cessire
699 676 841 754 magistri3

107 758 169 816 Stat
181 776 269 834 pecus
283 774 368 813 omne
381 765 460 813 metu
474 764 603 829 mutum;
625 765 807 834 mussantque
822 757 957 834 juvencae

106 836 181 907 Quis
194 835 304 893 nemori
316 834 469 911 imperitet,
484 853 569 910 quem
583 843 642 893 tota
655 845 781 894 armenta
793 842 962 912 sequantur;

107 915 153 972 Illi
166 916 239 972 inter
253 932 315 971 sese
330 913 419 972 multi
433 913 463 969 vi
476 913 595 971 vulnera
609 915 740 988 miscent,
1016 919 1076 973 720

105 994 277 1069 Cornuaque
290 991 390 1050 obnixi
404 992 534 1068 infigunt,
549 1001 578 1054 et
591 993 729 1068 sanguine
742 992 820 1070 largo

105 1071 189 1129 Colla
203 1090 296 1129 armos
335 1070 477 1142 elavant;
499 1071 607 1146 gemitu
622 1090 723 1128 nemus
737 1089 822 1129 omne
836 1071 976 1148 remugit:

106 1150 193 1208 Haud
208 1151 288 1208 aliter
297 1091 375 1206 3llros
388 1149 498 1207 AEneas
512 1159 541 1208 et
555 1150 687 1208 Daunius
701 1150 785 1209 heros

103 1229 286 1287 Concurrunt
299 1227 423 1305 clypeis:
445 1229 546 1303 ingens
560 1228 652 1305 fragor
666 1228 774 1287 aethera
786 1227 918 1306 complet.

104 1308 215 1384 Jupiter
228 1307 289 1384 ipse
303 1307 373 1365 duas
387 1315 499 1383 aequato
513 1308 647 1364 examine
660 1307 757 1365 lances
1018 1310 1077 1365 725

107 1386 243 1460 Sustinet,
258 1394 287 1444 et
299 1385 356 1443 iata
369 1385 490 1462 imponit
503 1386 614 1444 diversa
627 1386 765 1459 duomm;

107 1465 202 1536 Quem
217 1465 332 1522 damnet
343 1463 431 1541 labor,
447 1472 476 1521 et
488 1484 544 1541 quo
557 1474 654 1542 vergat
665 1465 791 1541 pondere
804 1461 903 1522 letum

146 1543 259 1601 Emicat
272 1540 460 1621 hie-impune
474 1552 587 1620 putans,
602 1553 631 1601 et
644 1561 761 1620 corpore
774 1550 834 1601 toto

106 1620 171 1680 Alte
187 1622 329 1680 sublatum
343 1622 488 1697 consurgit
501 1621 616 1679 Tumns
630 1623 659 1679 in
674 1640 782 1697 ensem,

107 1702 147 1758 Et
160 1700 231 1758 serit
271 1699 447 1758 Exclamant
459 1699 551 1758 Trois
564 1701 724 1778 trepidique
738 1699 842 1774 Latini,

106 1781 290 1856 Arrectaeque
304 1777 451 1837 amborum
465 1779 549 1837 acies.
591 1781 631 1838 At
642 1780 767 1857 perfidus
781 1778 857 1837 ensis

105 1858 266 1934 Frangitur,
280 1858 310 1915 in
324 1857 478 1935 medioque
492 1858 637 1916 ardentem
652 1859 757 1917 deserit
769 1857 841 1932 ictu,

106 1937 148 1995 Ni
161 1936 228 2013 suga
241 1936 368 1996 subsidio
383 1937 502 1995 subeat:
523 1936 595 2014 fugit
609 1938 686 1996 ocior
699 1938 789 2012 Euro,

106 2015 149 2075 Ut
163 2017 297 2093 capulum
311 2016 439 2092 ignotum
455 2016 641 2093 dextramque
656 2016 786 2093 adspexit
798 2015 947 2071 inermem.

107 2094 197 2152 Fama
210 2104 254 2155 est
266 2094 454 2172 praecipitem,
468 2114 556 2172 quum
569 2095 661 2172 prima
673 2096 703 2151 in
716 2094 817 2172 proelia
825 2095 942 2173 junctos

107 2173 327 2232 Conscendebat
340 2192 439 2250 equos,
453 2174 544 2251 patrio
558 2191 693 2230 mucrone
707 2173 815 2247 relicto,

107 2252 185 2309 Dum
199 2252 330 2330 trepidat,
344 2251 448 2317 ferrum
463 2252 568 2327 aurigoe
582 2252 711 2328 rapuisse
725 2249 860 2309 Metisci:

108 2331 199 2407 quue
214 2331 272 2406 diu,
287 2330 355 2388 dum
369 2338 447 2406 terga
461 2329 566 2388 dabant
577 2329 702 2407 palantia
715 2330 831 2405 Teucri,
892 2349 896 2356 ¹

107 2409 247 2482 Suffecit;
267 2418 418 2487 postquam
433 2428 510 2467 arma
522 2409 569 2467 dei
584 2409 619 2466 ad
633 2409 776 2468 Vulcania
788 2415 919 2484 ventum,

107 2488 237 2547 Mortalis
251 2507 359 2564 mucro,
373 2487 477 2564 glacies
491 2506 545 2546 ceu
559 2487 657 2563 futilis,
671 2488 733 2549 ictu

107 2567 254 2625 Dissiluit:
276 2567 354 2626 fulvi
367 2566 550 2645 resplendent
562 2567 701 2644 fragmina
713 2567 808 2626 areni.

107 2647 185 2723 Ergo
200 2665 297 2705 amens
311 2646 424 2705 diversa
436 2646 504 2722 iugi
517 2646 589 2724 petit
602 2665 717 2723 aequora
729 2646 863 2719 Turnus3

107 2725 148 2784 Et
161 2744 236 2784 nunc
249 2726 315 2801 huc,
330 2725 399 2783 inde
411 2726 479 2800 huc,
493 2725 617 2784 incertos
631 2725 759 2822 implicat
771 2723 870 2783 orbes:

107 2803 245 2882 Undique
259 2805 336 2863 enim
351 2805 441 2863 densi
454 2805 561 2863 Teucri
574 2804 716 2863 inclusere
729 2803 850 2877 comni:

28 2892 34 2909 “
108 2886 203 2961 Atque
217 2884 285 2941 hinc
297 2892 377 2942 vasta
389 2883 481 2961 palus,
496 2882 564 2942 hinc
578 2883 666 2941 ardua
679 2883 784 2941 moenia
797 2882 927 2958 cingunt·

106 2960 172 3019 Nec
187 2959 281 3019 minias
294 2961 413 3036 AEneas,
429 2980 590 3038 quanquam
603 2961 711 3020 tardata
725 2961 826 3037 sagitta

109 3040 256 3098 Interdum
269 3059 363 3116 genna
375 3039 545 3116 impediunt,
560 3058 730 3117 cursumque
744 3046 884 3116 recusant,

109 3118 282 3194 Insequitur,
295 3118 454 3195 trepidique
468 3120 573 3197 pedem
587 3119 661 3198 pede
675 3118 800 3177 fervidus
814 3124 907 3194 urget·

110 3196 256 3255 Inclusum
268 3196 358 3255 veluti
371 3197 397 3275 si
409 3198 522 3273 qnando
535 3198 654 3256 flumine
668 3205 768 3255 nactus

108 3276 247 3351 Cervum,
262 3282 310 3335 aut
322 3275 453 3354 punicea
468 3284 580 3354 septum
595 3275 745 3334 formidine
758 3295 872 3354 penne,

38 3345 49 3366 ⁴
108 3354 236 3413 Venator
249 3373 332 3413 cursu
346 3354 425 3413 canis
439 3363 468 3413 et
480 3353 626 3413 latratibus
639 3354 741 3413 instat:

110 3433 163 3492 llle
177 3442 281 3509 autem,
294 3433 405 3492 insidiis
419 3442 448 3492 et
460 3433 522 3526 ripa
535 3433 647 3492 territus
661 3434 728 3511 alu,
784 3446 786 3450 '

109 3513 194 3573 Mille
207 3512 280 3589 fugit
292 3513 451 3591 refugitque
464 3530 542 3583 vrus;
563 3519 592 3569 at
604 3513 717 3573 vividus
731 3513 842 3575 Umber

109 3590 211 3649 Haeret
222 3591 315 3667 hians,
325 3595 387 3672 Jam
396 3595 513 3671 jamque
526 3598 614 3668 tenet,
629 3593 787 3671 similisque
799 3592 912 3652 tenenti

111 3669 256 3748 Increpuit
269 3671 361 3747 malis,
376 3688 527 3747 morsuque
541 3671 638 3731 elusus
652 3673 729 3731 inani
743 3679 794 3731 est.

111 3744 187 3829 Tum
200 3746 268 3808 verd
282 3750 408 3809 exoritur
420 3749 535 3828 clamor,
549 3751 676 3831 ripaeque
689 3752 826 3839 lacusque
